=LDR  08262cas a2201621 a 4500
=001  012110645
=003  Uk
=005  20220930142604.0
=007  ta
=008  920908c19919999sz\mx\p\\\\\\\0\\\a0eng\\
=010  \\$asn 91038327
=019  c\$a2448819
=019  0\$as50310602x
=022  0\$a1016-2291
=040  \\$aUk$cUk$dUk
=042  \\$alcd
=050  \4$aRD593$b.C5
=060  00$aW1$bPE168ML
=082  04$a617.480083$221
=084  \\$aGV 002$2blsrissc
=084  \\$aGY 70$2blsrissc
=210  0\$aPediatr. neurosurg.
=222  \0$aPediatric neurosurgery
=245  00$aPediatric neurosurgery.
=260  \\$aBasel :$bKarger,$c1991-
=300  \\$av. :$bill. ;$c28 cm.
=310  \\$aMonthly,$b<1995->
=321  \\$aSix no. a year,$b1991-<1994>
=336  \\$atext$2rdacontent
=337  \\$aunmediated$2rdamedia
=338  \\$avolume$2rdacarrier
=362  0\$a16/1-
=500  \\$aTitle from cover.
=510  2\$aChemical abstracts$x0009-2258
=515  \\$aIssue designation on cover includes a year after numbering.
=515  \\$aIssues also have "release date."
=515  \\$aIssues also designated on spine as: Vol. 16, no. 1-
=530  \\$aAlso available via World Wide Web;$bOCLC FirstSearch Electronic Collections Online;$cSubscription required for access to abstracts and full text.
=540  \\$aCurrent copyright fee: GBP35.00$c24\0$5Uk
=550  \\$aOfficial journal of the American Society of Pediatric Neurosurgery.
=595  \\$aFORMERLY 6417.6045 UP TO VOL. 15, 1991.
=650  \2$aNervous System Diseases$xChild$vPeriodicals.
=650  \2$aNervous System Diseases$xInfant$vPeriodicals.
=650  \2$aNeurosurgery$xChild$vPeriodicals.
=650  \2$aNeurosurgery$xInfant$vPeriodicals.
=710  2\$aAmerican Society for Pediatric Neurosurgery.
=776  1\$tPediatric neurosurgery (Online)
=780  00$tPediatric neuroscience$x0255-7975
=852  41$aBritish Library$bDSC$j6417.604700$3Vol. 16 (1991)-v. 50 (2014/2015)
=852  71$aBritish Library$bSTI$k(P)$hGV 002$m-E(5)$2blsrissc$3Vol. 16 (1991)-v. 33, no. 6 (Dec. 2000).; Deficient: Vol.25, no.6
=856  \\$31850-9999$uhttp://www.karger.com/$xBLDSS
=856  4\$uhttp://firstsearch.oclc.org$zAddress for accessing the journal using authorization number and password through OCLC FirstSearch Electronic Collections Online. Subscription to online journal required for access to abstracts and full text
=856  4\$uhttp://firstsearch.oclc.org/journal=1016-2291;screen=info;ECOIP$zAddress for accessing the journal from an authorized IP address through OCLC FirstSearch Electronic Collections Online. Subscription to online journal required for access to abstracts and full text
=945  \\$aPEDIATRIC NEUROSURGERY.
=959  \\$fHeld but not currently received
=968  \\$bx
=ACF  \\$aPrevious copyright fee: GBP23.75$c24\0$e01-oct-2011$fGBP23.75$g0$hP$5Uk
=ACF  \\$aPrevious copyright fee: GBP27.50$c24\0$e01-jul-2011$fGBP27.50$g0$hP$5Uk
=ACF  \\$aPrevious copyright fee: GBP28.39$c24\0$e01-apr-2011$fGBP28.39$g0$hP$5Uk
=ACF  \\$aPrevious copyright fee: GBP19.35$c24\0$e01-jul-2010$fGBP19.35$g0$hP$5Uk
=ACF  \\$aPrevious copyright fee: GBP18.18$c24\0$e01-jan-2010$fGBP18.18$g0$hP$5Uk
=ACF  \\$aPrevious copyright fee: GBP15.76$c24\0$e01-oct-2009$fGBP15.76$g0$hP$5Uk
=ACF  \\$aPrevious copyright fee: GBP18.57$c24\0$e01-apr-2009$fGBP18.57$g0$hP$5Uk
=ACF  \\$aPrevious copyright fee: GBP16.25$c24\0$e01-jan-2009$fGBP16.25$g0$hP$5Uk
=ACF  \\$aPrevious copyright fee: GBP12.25$c24\0$e01-jan-2008$fGBP12.25$g0$hP$5Uk
=ACF  \\$aPrevious copyright fee: GBP11.75$c24\0$e01-jul-2007$fGBP11.75$g0$hP$5Uk
=ACF  \\$aPrevious copyright fee: GBP12.05$c24\0$e01-apr-2007$fGBP12.05$g0$hP$5Uk
=ACF  \\$aPrevious copyright fee: GBP12.70$c24\0$e01-oct-2006$fGBP12.70$g0$hP$5Uk
=ACF  \\$aPrevious copyright fee: GBP13.43$c24\0$e01-apr-2006$fGBP13.43$g0$hP$5Uk
=ACF  \\$aPrevious copyright fee: GBP13.06$c24\0$e01-jan-2006$fGBP13.06$g0$hP$5Uk
=ACF  \\$aPrevious copyright fee: GBP11.90$c24\0$e01-apr-2005$fGBP11.90$g0$hP$5Uk
=ACF  \\$aPrevious copyright fee: GBP12.22$c24\0$e01-jan-2005$fGBP12.22$g0$hP$5Uk
=ACF  \\$aPrevious copyright fee: GBP11.35$c24\0$e01-apr-2004$fGBP11.35$g0$hP$5Uk
=ACF  \\$aCurrent copyright fee: GBP12.35$c24\0$e01-jan-2004$fGBP12.35$g0$hP$5Uk
=ACF  \\$aCurrent copyright fee: GBP12.19$c24\0$e01-jan-2003$fGBP12.19$g0$hP$5Uk
=ACF  \\$aPrevious copyright fee: GBP24.52$c24\0$e01-jan-2012$fGBP24.52$g0$hP$5Uk
=ACF  \\$aPrevious copyright fee: GBP23.03$c24\0$e01-jul-2012$fGBP23.03$g0$hP$5Uk
=ACF  \\$aPrevious copyright fee: GBP23.75$c24\0$e01-jan-2013$fGBP23.75$g0$hP$5Uk
=ACF  \\$aPrevious copyright fee: GBP24.52$c24\0$e01-jul-2013$fGBP24.52$g0$hP$5Uk
=ACF  \\$aPrevious copyright fee: GBP24.69$c24\0$e01-jan-2014$fGBP24.69$g0$hP$5Uk
=ACF  \\$aPrevious copyright fee: GBP23.94$c24\0$e01-jul-2014$fGBP23.94$g0$hP$5Uk
=ACF  \\$aPrevious copyright fee: GBP25.48$c24\0$e01-apr-2015$fGBP25.48$g0$hP$5Uk
=ACF  \\$aPrevious copyright fee: GBP26.33$c24\0$e01-jul-2015$fGBP26.33$g0$hP$5Uk
=ACF  \\$aPrevious copyright fee: GBP25.48$c24\0$e01-oct-2015$fGBP25.48$g0$hP$5Uk
=ACF  \\$aPrevious copyright fee: GBP27.24$c24\0$e01-apr-2016$fGBP27.24$g0$hP$5Uk
=ACF  \\$aPrevious copyright fee: GBP29.26$c24\0$e01-oct-2016$fGBP29.26$g0$hP$5Uk
=ACF  \\$aPrevious copyright fee: GBP31.60$c24\0$e01-apr-2017$fGBP31.60$g0$hP$5Uk
=ACF  \\$aPrevious copyright fee: GBP30.38$c24\0$e01-oct-2017$fGBP30.38$g0$hP$5Uk
=ACF  \\$aPrevious copyright fee: GBP28.21$c24\0$e01-apr-2018$fGBP28.21$g0$hP$5Uk
=ACF  \\$aPrevious copyright fee: GBP30.38$c24\0$e01-oct-2018$fGBP30.38$g0$hP$5Uk
=ACF  \\$aPrevious copyright fee: GBP31.60$c24\0$e01-oct-2019$fGBP31.60$g0$hP$5Uk
=ACF  \\$aPrevious copyright fee: GBP30.38$c24\0$e01-apr-2020$fGBP30.38$g0$hP$5Uk
=ACF  \\$aPrevious copyright fee: GBP31.60$c24\0$e01-jul-2020$fGBP31.60$g0$hP$5Uk
=ACF  \\$aPrevious copyright fee: GBP33.60$c24\0$e01-jan-2021$fGBP33.60$g0$hP$5Uk
=ACF  \\$aPrevious copyright fee: GBP31.11$c24\0$e01-apr-2021$fGBP31.11$g0$hP$5Uk
=ACF  \\$aPrevious copyright fee: GBP30.00$c24\0$e07-jul-2021$fGBP30.00$g0$hP$5Uk
=CAT  \\$aCONV$b00$c20040425$lBLL90$h0855
=CAT  \\$aIPL-CLA$c20160930$lBLL01$h1557
=CAT  \\$aBATCH-UPD$b00$c20170216$lBLL01$h1912
=CAT  \\$aIPL-CLA$c20170331$lBLL01$h1839
=CAT  \\$aBATCH-UPD$b00$c20170904$lBLL01$h1922
=CAT  \\$aIPL-CLA$c20170929$lBLL01$h1723
=CAT  \\$aBATCH-UPD$b00$c20180223$lBLL01$h1753
=CAT  \\$aIPL-CLA$c20180331$lBLL01$h1614
=CAT  \\$aBATCH-UPD$b00$c20180823$lBLL01$h1939
=CAT  \\$aIPL-CLA$c20180930$lBLL01$h1459
=CAT  \\$aBATCH-UPD$b00$c20190829$lBLL01$h1536
=CAT  \\$aIPL-CLA$c20190930$lBLL01$h1635
=CAT  \\$aBATCH-UPD$b00$c20200219$lBLL01$h1519
=CAT  \\$aIPL-CLA$c20200331$lBLL01$h1611
=CAT  \\$aBATCH-UPD$b00$c20200522$lBLL01$h1503
=CAT  \\$aIPL-CLA$c20200701$lBLL01$h0052
=CAT  \\$aBATCH-UPD$b00$c20201126$lBLL01$h1122
=CAT  \\$aIPL-CLA$c20201231$lBLL01$h1527
=CAT  \\$aBATCH-UPD$b00$c20210226$lBLL01$h1045
=CAT  \\$aIPL-CLA$c20210331$lBLL01$h1659
=CAT  \\$aBATCH-UPD$b00$c20210707$lBLL01$h1609
=CAT  \\$aIPL-CLA$c20210707$lBLL01$h1843
=CAT  \\$aBATCH-UPD$b00$c20220520$lBLL01$h1648
=CAT  \\$aIPL-CLA$c20220630$lBLL01$h1536
=CAT  \\$aBATCH-UPD$b00$c20220824$lBLL01$h0913
=CAT  \\$aIPL-CLA$c20220930$lBLL01$h1426
=CFI  0\$aCurrent copyright fee: GBP35.00$c24\0$e01-oct-2022$fGBP35.00$g0$hP$5Uk
=CFI  2\$aPrevious copyright fee: GBP33.60$c24\0$e01-jul-2022$fGBP33.60$g0$hP$5Uk
=EST  \\$a2
=FFP  \\$aY$bBLDSS-3PM
=FIN  \\$aY
=FMT  \\$a  SE
=LAS  \\$aIPL-CLA$b00$c20220930$lBLL01$h1426
=LEO  \\$aMP10.0000433887
=LEO  \\$aMP25.0000193599
=LKR  \\$aPAR$b012110644$lBLL01$r78000$mPediatric neurosurgery$nPediatric neuroscience
=SID  \\$aZ39$bOCLC
=SRC  \\$aDSS01$bbibmp10.200404.2.aa
=SRC  \\$aSRI01$bbibmp25.200404.2.aa
=TCO  \\$aCHE$bPRO LITTERIS$c008
=TOC  \\$aETOC
=UNO  \\$aY

