=LDR  06145cas a2201393 a 4500
=001  012391076
=003  Uk
=005  20221231144346.0
=007  ta
=008  870526c19859999gw\mr\p\\\\\\\0\\\a0eng\\
=010  \\$asn 85011881
=016  7\$a8503227$2DNLM
=016  7\$aSR0052323$2DNLM
=019  c\$a2282619
=019  c\$a2333335
=019  0\$as544050002
=022  0\$a0256-7040
=030  \\$aCNSYE9
=040  \\$aUk$cUk$dUk
=042  \\$alcd$ansdp
=050  14$aRJ486$b.C45
=060  00$aW1$bCH667H
=082  04$a617.480083$221
=084  \\$aGV 002$2blsrissc
=210  0\$aChild's nerv. syst.$b(Print)
=222  \0$aChild's nervous system$b(Print)
=245  00$aChild's nervous system :$bChNS : official journal of the International Society for Pediatric Neurosurgery.
=246  30$aChNS
=260  \\$aBerlin ;$aHeidelberg :$bSpringer-Verlag,$c1985-
=300  \\$av. :$bill. ;$c28 cm.
=310  \\$aMonthly,$b1995-
=321  \\$aEight issues a year,$b1990-1994
=321  \\$aSix issues a year,$b-1989
=336  \\$atext$2rdacontent
=337  \\$aunmediated$2rdamedia
=338  \\$avolume$2rdacarrier
=362  0\$aVol. 1, no. 1 (Feb. 1985)-
=500  \\$aTitle from cover.
=530  \\$aAvailable also on the Internet; restricted to institutions with a site/user ID and password.
=540  \\$aCurrent copyright fee: GBP34.95$c22\1$5Uk
=650  \0$aPediatric neurology$vPeriodicals.
=650  \2$aNervous System Diseases$xChild$vPeriodicals.
=650  \2$aNervous System Diseases$xInfant$vPeriodicals.
=650  \2$aNeurosurgery$xChild$vPeriodicals.
=650  \2$aNeurosurgery$xInfant$vPeriodicals.
=710  2\$aInternational Society for Paediatric Neurosurgery.
=776  0\$tChild's nervous system (Online)$x1433-0350
=780  01$tChild's brain$x0302-2803
=852  41$aBritish Library$bDSC$j3172.993080$3Vol. 1, no. 1 (1985)-v. 26, no. 12 (2010)***UKRR Retained Title
=852  71$aBritish Library$bSTI$k(P)$hGV 002$m-E(6)$2blsrissc$3Vol. 2, no. 5 (1986)-v. 26, no. 12 (2010)
=856  \\$31850-9999$uhttp://www.springer.com/gb/$xBLDSS
=856  7\$uhttp://link.springer.de/link/service/journals/00381/index.htm$zOnline version:$2http
=945  \\$aCHILDS NERVOUS SYSTEM.
=959  \\$fHeld but not currently received
=985  \\$aRecord merged by DQ team
=ACF  \\$aPrevious copyright fee: GBP16.67$c22\3$e01-jan-2006$fGBP16.67$g0$hP$5Uk
=ACF  \\$aPrevious copyright fee: GBP16.22$c22\3$e01-apr-2005$fGBP16.22$g0$hP$5Uk
=ACF  \\$aPrevious copyright fee: GBP16.67$c22\3$e01-jan-2005$fGBP16.67$g0$hP$5Uk
=ACF  \\$aPrevious copyright fee: GBP18.92$c22\3$e01-apr-2004$fGBP18.92$g0$hP$5Uk
=ACF  \\$aCurrent copyright fee: GBP20.58$c22\3$e01-jan-2004$fGBP20.58$g0$hP$5Uk
=ACF  \\$aCurrent copyright fee: GBP20.00$c22\3$e01-jan-2003$fGBP20.00$g0$hP$5Uk
=ACF  \\$aPrevious copyright fee: GBP17.14$c22\3$e01-apr-2006$fGBP17.14$g0$hP$5Uk
=ACF  \\$aPrevious copyright fee: GBP22.00$c22\3$e12-aug-2012$fGBP22.00$g0$hP$5Uk
=ACF  \\$aPrevious copyright fee: GBP25.00$c22\3$e01-jan-2013$fGBP25.00$g0$hP$5Uk
=ACF  \\$aPrevious copyright fee: GBP25.77$c22\3$e01-jul-2013$fGBP25.77$g0$hP$5Uk
=ACF  \\$aPrevious copyright fee: GBP24.97$c22\3$e01-jan-2014$fGBP24.97$g0$hP$5Uk
=ACF  \\$aPrevious copyright fee: GBP24.21$c22\3$e01-jul-2014$fGBP24.21$g0$hP$5Uk
=ACF  \\$aPrevious copyright fee: GBP25.77$c22\3$e01-apr-2015$fGBP25.77$g0$hP$5Uk
=ACF  \\$aPrevious copyright fee: GBP26.63$c22\3$e01-jul-2015$fGBP26.63$g0$hP$5Uk
=ACF  \\$aPrevious copyright fee: GBP25.77$c22\3$e01-oct-2015$fGBP25.77$g0$hP$5Uk
=ACF  \\$aPrevious copyright fee: GBP27.55$c22\3$e01-apr-2016$fGBP27.55$g0$hP$5Uk
=ACF  \\$aPrevious copyright fee: GBP29.59$c22\3$e01-oct-2016$fGBP29.59$g0$hP$5Uk
=ACF  \\$aPrevious copyright fee: GBP31.96$c22\3$e01-apr-2017$fGBP31.96$g0$hP$5Uk
=ACF  \\$aPrevious copyright fee: GBP30.73$c22\3$e01-oct-2017$fGBP30.73$g0$hP$5Uk
=ACF  \\$aPrevious copyright fee: GBP28.54$c22\3$e01-apr-2018$fGBP28.54$g0$hP$5Uk
=ACF  \\$aPrevious copyright fee: GBP34.00$c22\1$e01-jul-2018$fGBP34.00$g0$hP$5Uk
=CAT  \\$aCONV$b00$c20040425$lBLL90$h0701
=CAT  \\$aBATCH-UPD$b00$c20150219$lBLL01$h1742
=CAT  \\$aIPL-CLA$c20150331$lBLL01$h1632
=CAT  \\$aBATCH-UPD$b00$c20150520$lBLL01$h1749
=CAT  \\$aIPL-CLA$c20150630$lBLL01$h1642
=CAT  \\$aBATCH-UPD$b00$c20150820$lBLL01$h1836
=CAT  \\$aIPL-CLA$c20150930$lBLL01$h1759
=CAT  \\$aBATCH-UPD$b00$c20160217$lBLL01$h1727
=CAT  \\$aIPL-CLA$c20160331$lBLL01$h1719
=CAT  \\$aBATCH-UPD$b00$c20160413$lBLL01$h1815
=CAT  \\$aBATCH-UPD$b00$c20160524$lBLL01$h2208
=CAT  \\$aBATCH-UPD$b00$c20160525$lBLL01$h0009
=CAT  \\$aBATCH-UPD$b00$c20160824$lBLL01$h1754
=CAT  \\$aIPL-CLA$c20160930$lBLL01$h1558
=CAT  \\$aBATCH-UPD$b00$c20170216$lBLL01$h1842
=CAT  \\$aIPL-CLA$c20170331$lBLL01$h1840
=CAT  \\$aBATCH-UPD$b00$c20170904$lBLL01$h1851
=CAT  \\$aIPL-CLA$c20170929$lBLL01$h1724
=CAT  \\$aBATCH-UPD$b00$c20180223$lBLL01$h1719
=CAT  \\$aIPL-CLA$c20180331$lBLL01$h1614
=CAT  \\$aBATCH-UPD$b00$c20180524$lBLL01$h1713
=CAT  \\$aIPL-CLA$c20180630$lBLL01$h1914
=CAT  \\$a5552$b40$c20210810$lBLL01$h1406
=CAT  \\$aIPL-CLA$c20210930$lBLL01$h1527
=CAT  \\$aBATCH-UPD$b00$c20221121$lBLL01$h1410
=CAT  \\$aIPL-CLA$c20221231$lBLL01$h1443
=CFI  0\$aCurrent copyright fee: GBP34.95$c22\1$e01-jan-2023$fGBP34.95$g0$hP$5Uk
=CFI  2\$aPrevious copyright fee: GBP43.00$c22\1$e01-oct-2021$fGBP43.00$g0$hP$5Uk
=EST  \\$a2
=FFP  \\$aY$bBLDSS-3PM
=FIN  \\$aY
=FMT  \\$a  SE
=LAS  \\$aIPL-CLA$b00$c20221231$lBLL01$h1443
=LEO  \\$aMP10.0000143124
=LEO  \\$aMP10.0000315727
=LEO  \\$aMP25.0000235322
=LKR  \\$aPAR$b012391066$lBLL01$r78001$mChild's nervous system (Print)$nChild's brain
=SID  \\$aZ39$bOCLC
=SRC  \\$aDSS01$bbibmp10.200404.2.aa
=SRC  \\$aSRI01$bbibmp25.200404.2.aa
=TCO  \\$aDEU$bVG WORT$c008
=TOC  \\$aETOC
=UNO  \\$aY

