=LDR  07517cas a2201477 a 4500
=001  009180685
=003  Uk
=005  20221231143549.0
=008  810331c19569999xxumr\p\\\\\\\0\\\a0eng\\
=019  0\$as22480300x
=019  c\$a2010904
=022  0\$a0007-4888
=030  \\$aBEXBAN
=032  \\$a851920$bUSPS
=035  \\$a(OCoLC)ocm02711392
=040  \\$aUk$beng$cUk$dUk
=041  1\$aeng$hrus
=050  00$aR850$b.B8
=060  00$aW1$bBU772
=070  0\$a442.8$bB87AE
=082  \\$a619.05
=084  \\$aER 00$2blsrissc
=130  0\$aBi︠u︡lletenʹ ėksperimentalʹnoĭ biologii i medit︠s︡iny.$lEnglish.
=210  0\$aBull. exp. biol. med.
=222  \0$aBulletin of experimental biology and medicine
=245  10$aBulletin of experimental biology and medicine =$bBi︠u︡lletenʹ ėksperimentalʹnoĭ biologii i medit︠s︡iny.
=246  31$aBi︠u︡lletenʹ ėksperimentalʹnoĭ biologii i medit︠s︡iny
=260  \\$aNew York :$bConsultants Bureau,$c1956-
=300  \\$av. :$bill. ;$c28 cm.
=310  \\$aMonthly
=336  \\$atext$2rdacontent
=337  \\$aunmediated$2rdamedia
=338  \\$avolume$2rdacarrier
=362  0\$aVol. 41 (Jan. 1956)-
=510  0\$aChemical abstracts,$x0009-2258
=515  \\$aVol. 42 [no. 1-5] incorrectly called v. 41.
=540  \\$aCurrent copyright fee: GBP34.95$c22\1$5Uk
=550  \\$aVols. for 1956-(Feb. 1960)- published by the Consultants Bureau, inc.; Mar. 1960-66 by Consultants Bureau Enterprises; 1966-Nov. 1979 by Consultants Bureau.
=595  \\$aSee also Serial Records KCC/MAN.
=650  \0$aBiology, Experimental$vPeriodicals.
=650  \0$aMedicine, Experimental$vPeriodicals.
=650  \0$aClinical biochemistry$vPeriodicals.
=650  \0$aBiochemistry$vPeriodicals.
=650  \2$aMedicine$vPeriodicals.
=650  \2$aPhysiology$vPeriodicals.
=710  2\$aConsultants Bureau.
=710  2\$aConsultants Bureau Enterprises.
=765  0\$tBi︠u︡lletenʹ ėksperimentalʹnoĭ biologii i medit︠s︡iny$gtom 41-$x0365-9615
=776  08$iAlso issued online as:$tBi︠u︡lletenʹ ėksperimentalʹnoĭ biologii i medit︠s︡iny (Online). English. Bulletin of experimental biology and medicine$x1573-8221
=852  71$aBritish Library$bSTI$k(P)$hER 00$m-E(40)$2blsrissc$3Vol. 41 (1956)-(July 1991)***UKRR Retained Title***Deficient: vol.87/88, no.10, 1979
=852  41$aBritish Library$bDSC$j0409.500000$3Vol. 41, no. 1 (1956)-v. 150, no. 6 (2011)***UKRR Retained Title
=856  \\$31850-9999$uhttp://www.springer.com/gb/$xBLDSS
=856  4\$uhttp://firstsearch.oclc.org$zAddress for accessing the journal using authorization number and password through OCLC FirstSearch Electronic Collections Online. Subscription to online journal required for access to abstracts and full text
=856  4\$uhttp://firstsearch.oclc.org/journal=0007-4888;screen=info;ECOIP$zAddress for accessing the journal from an authorized IP address through OCLC FirstSearch Electronic Collections Online. Subscription to online journal required for access to abstracts and full text
=945  \\$aBulletin of experimental biology and medicine c/c of Biulleten' eksperimental'noi biologii i meditsiny
=959  \\$fHeld but not currently received
=963  \\$aCA/U-2 Volume 45 (1958)-$bN
=968  \\$aC
=985  \\$aRecord merged by DQ team
=ACF  \\$aPrevious copyright fee: GBP21.25$c4\1$e01-jan-2009$fGBP21.25$g0$hP$5Uk
=ACF  \\$aPrevious copyright fee: GBP16.75$c4\1$e01-jan-2007$fGBP16.75$g0$hP$5Uk
=ACF  \\$aPrevious copyright fee: GBP16.22$c4\1$e01-oct-2006$fGBP16.22$g0$hP$5Uk
=ACF  \\$aPrevious copyright fee: GBP17.14$c4\1$e01-apr-2006$fGBP17.14$g0$hP$5Uk
=ACF  \\$aPrevious copyright fee: GBP16.67$c4\1$e01-jan-2006$fGBP16.67$g0$hP$5Uk
=ACF  \\$aPrevious copyright fee: GBP16.22$c4\1$e01-apr-2005$fGBP16.22$g0$hP$5Uk
=ACF  \\$aPrevious copyright fee: GBP16.67$c4\1$e01-jan-2005$fGBP16.67$g0$hP$5Uk
=ACF  \\$aPrevious copyright fee: GBP13.51$c4\1$e01-apr-2004$fGBP13.51$g0$hP$5Uk
=ACF  \\$aCurrent copyright fee: GBP14.71$c4\1$e01-jan-2004$fGBP14.71$g0$hP$5Uk
=ACF  \\$aCurrent copyright fee: GBP15.63$c4\1$e01-jan-2003$fGBP15.63$g0$hP$5Uk
=ACF  \\$aPrevious copyright fee: GBP22.00$c4\1$e01-apr-2009$fGBP22.00$g0$hP$5Uk
=ACF  \\$aPrevious copyright fee: GBP22.00$c4\1$e12-aug-2012$fGBP22.00$g0$hP$5Uk
=ACF  \\$aPrevious copyright fee: GBP25.00$c4\1$e01-jan-2013$fGBP25.00$g0$hP$5Uk
=ACF  \\$aPrevious copyright fee: GBP25.77$c4\1$e01-jul-2013$fGBP25.77$g0$hP$5Uk
=ACF  \\$aPrevious copyright fee: GBP24.97$c4\1$e01-jan-2014$fGBP24.97$g0$hP$5Uk
=ACF  \\$aPrevious copyright fee: GBP24.21$c4\1$e01-jul-2014$fGBP24.21$g0$hP$5Uk
=ACF  \\$aPrevious copyright fee: GBP25.77$c4\1$e01-apr-2015$fGBP25.77$g0$hP$5Uk
=ACF  \\$aPrevious copyright fee: GBP26.63$c4\1$e01-jul-2015$fGBP26.63$g0$hP$5Uk
=ACF  \\$aPrevious copyright fee: GBP25.77$c4\1$e01-oct-2015$fGBP25.77$g0$hP$5Uk
=ACF  \\$aPrevious copyright fee: GBP27.55$c4\1$e01-apr-2016$fGBP27.55$g0$hP$5Uk
=ACF  \\$aPrevious copyright fee: GBP29.59$c4\1$e01-oct-2016$fGBP29.59$g0$hP$5Uk
=ACF  \\$aPrevious copyright fee: GBP31.96$c4\1$e01-apr-2017$fGBP31.96$g0$hP$5Uk
=ACF  \\$aPrevious copyright fee: GBP30.73$c4\1$e01-oct-2017$fGBP30.73$g0$hP$5Uk
=ACF  \\$aPrevious copyright fee: GBP28.54$c4\1$e01-apr-2018$fGBP28.54$g0$hP$5Uk
=ACF  \\$aPrevious copyright fee: GBP34.00$c22\1$e01-jul-2018$fGBP34.00$g0$hP$5Uk
=CAT  \\$aCONV$b00$c20040425$lBLL90$h0658
=CAT  \\$aIPL-CLA$c20150331$lBLL01$h1619
=CAT  \\$aBATCH-UPD$b00$c20150520$lBLL01$h1837
=CAT  \\$aIPL-CLA$c20150630$lBLL01$h1635
=CAT  \\$aBATCH-UPD$b00$c20150820$lBLL01$h1919
=CAT  \\$aIPL-CLA$c20150930$lBLL01$h1747
=CAT  \\$aBATCH-UPD$b00$c20160217$lBLL01$h1813
=CAT  \\$aIPL-CLA$c20160331$lBLL01$h1704
=CAT  \\$aBATCH-UPD$b00$c20160413$lBLL01$h1805
=CAT  \\$aBATCH-UPD$b00$c20160524$lBLL01$h2154
=CAT  \\$aBATCH-UPD$b00$c20160524$lBLL01$h2231
=CAT  \\$aBATCH-UPD$b00$c20160824$lBLL01$h1839
=CAT  \\$a8323$b40$c20160831$lBLL01$h1014
=CAT  \\$aIPL-CLA$c20160930$lBLL01$h1547
=CAT  \\$aBATCH-UPD$b00$c20170216$lBLL01$h1921
=CAT  \\$aIPL-CLA$c20170331$lBLL01$h1831
=CAT  \\$aBATCH-UPD$b00$c20170904$lBLL01$h1942
=CAT  \\$aIPL-CLA$c20170929$lBLL01$h1713
=CAT  \\$aBATCH-UPD$b00$c20180223$lBLL01$h1821
=CAT  \\$aIPL-CLA$c20180331$lBLL01$h1601
=CAT  \\$aBATCH-UPD$b00$c20180524$lBLL01$h1740
=CAT  \\$aIPL-CLA$c20180630$lBLL01$h1909
=CAT  \\$a5552$b40$c20210810$lBLL01$h1148
=CAT  \\$aIPL-CLA$c20210930$lBLL01$h1526
=CAT  \\$aBATCH-UPD$b00$c20221121$lBLL01$h1410
=CAT  \\$aIPL-CLA$c20221231$lBLL01$h1435
=CFI  0\$aCurrent copyright fee: GBP34.95$c22\1$e01-jan-2023$fGBP34.95$g0$hP$5Uk
=CFI  2\$aPrevious copyright fee: GBP43.00$c22\1$e01-oct-2021$fGBP43.00$g0$hP$5Uk
=EST  \\$a2
=FFP  \\$aY$bBLDSS-3PM
=FIN  \\$aY
=FMT  \\$a  SE
=LAS  \\$aIPL-CLA$b00$c20221231$lBLL01$h1435
=LEO  \\$aMP10.0000024148
=LEO  \\$aMP25.0000087026
=LKR  \\$aPAR$b008890914$lBLL01$r765$mBulletin of experimental biology and medicine$nBûlletenʹ èksperimentalʹnoj biologii i mediciny
=SID  \\$aZ39$bLOC
=SRC  \\$aDSS01$bbibmp10.200404.2.aa
=SRC  \\$aSRI01$bbibmp25.200404.2.aa
=TCO  \\$aTRS$bCCC$c008
=TOC  \\$aETOC
=UNO  \\$aY

