=LDR  08047cas a2201621 a 4500
=001  009180726
=003  Uk
=005  20230223160600.0
=007  ta
=008  750824c19639999vb\br\p\\\\\\\0\\\a0eng\c
=010  \\$a   67005998 
=019  c\$a2010934
=019  0\$as114734003
=022  0\$a0010-9525$202
=030  \\$aCSCRA7
=032  \\$a852420$bUSPS
=035  \\$a(OCoLC)1565215$z(OCoLC)145379532$z(OCoLC)191707447$z(OCoLC)219834545$z(OCoLC)223406477$z(OCoLC)896123815$z(OCoLC)1001005860$z(OCoLC)1063412176
=040  \\$aMUL$beng$cMUL$dOCL$dNSD$dDLC$dNSD$dDLC$dNSD$dNST$dRCS$dAIP$dNSD$dAIP$dDLC$dAIP$dNSD$dNST$dCAS$dDLC$dOCL$dOCLCQ$dDLC$dBOS$dAU@$dCIT$dOCLCQ$dDLC$dUKMGB$dOCLCF$dOCLCO$dCAI$dVT2$dOCLCO$dOCLCQ$dRDF$dDLC$dFUG$dUk
=041  1\$aeng$hrus
=042  \\$aissnuk
=046  \\$at
=050  00$aQC801$b.K613
=050  14$aQB500.A1$bF63
=060  \\$aW1 CO932
=082  04$a523.01
=084  \\$aOU 30$2blsrissc
=210  0\$aCosm. res.
=222  \0$aCosmic research
=245  00$aCosmic research.
=260  \\$aNew York,$bConsultants Bureau.
=260  2\$3<2010->:$aMoscow, Russia :$bNauka/Interperiodica
=264  31$a[Tortola, British Virgin Islands] :$b[Pleiades Publishing]
=300  \\$avolumes$billustrations$c28 cm
=310  \\$aBimonthly
=336  \\$atext$2rdacontent
=337  \\$aunmediated$2rdamedia
=338  \\$avolume$2rdacarrier
=362  0\$av. 1- July 1963-
=500  \\$aPublished: Springer <2007->
=530  \\$aAlso issued online.
=540  \\$aCurrent copyright fee: GBP29.95$c22\1$5Uk
=550  \\$aVolumes for <May 1977-> published by Consultants Bureau (called <1963-1964> Consultants Bureau Enterprises).
=595  \\$aFormerly 0404.76.
=650  \0$aCosmic physics$vPeriodicals.
=650  \0$aAstronautics in geophysics$vPeriodicals.
=650  \0$aAstronautics$vPeriodicals.
=650  \7$aAstronautics.$2fast$0(OCoLC)fst00819505
=650  \7$aAstronautics in geophysics.$2fast$0(OCoLC)fst00819590
=650  \7$aCosmic physics.$2fast$0(OCoLC)fst00880558
=655  \7$aPeriodicals.$2fast$0(OCoLC)fst01411641
=710  2\$aConsultants Bureau.
=710  2\$aConsultants Bureau Enterprises.
=765  0\$tKosmicheskie issledovanii︠a︡$x0023-4206
=776  08$iOnline version:$tCosmic research (Online)$x1608-3075
=780  00$tIskusstvennye sputniki zemli. English. Artificial earth satellites$x0571-2041
=780  01$tIskusstvennye sputniki zemli. English. Aritifical earth satellites$x0571-2041
=852  41$aBritish Library$bDSC$j0411.075000$3Vol. 1 (1963)-v. 48, no. 6 (2010)***UKRR Retained Title***Stock Incomplete.
=852  71$aBritish Library$bSTI$k(P)$hOU 30$m-E(2)$2blsrissc$31964-1991; Vol.1 - vol.29, no.1. ; See ESTAR record for later holdings
=856  \\$31850-9999$uhttp://www.springer.com/gb/$xBLDSS
=856  41$uhttp://www.springerlink.com/openurl.asp?genre=journal&issn=0010-9525$zFull text available from Springer-Verlag LINK: from 01/11/2000 to present
=856  4\$uhttp://firstsearch.oclc.org$zAddress for accessing the journal using authorization number and password through OCLC FirstSearch Electronic Collections Online. Subscription to online journal required for access to abstracts and full text
=856  4\$uhttp://firstsearch.oclc.org/journal=0010-8525;screen=info;ECOIP$zAddress for accessing the journal from an authorized IP address through OCLC FirstSearch Electronic Collections Online. Subscription to online journal required for access to abstracts and full text
=945  \\$aCosmic research c/c of Kosmicheskie issledovaniia
=959  \\$fHeld but not currently received
=963  \\$aVolume 1 (1963)-$bN$cP342.B.81
=964  \\$aVolume 1 (1963)-Volume 21 (1983)$c52$dQ$eJC91
=985  \\$aISSN responsibility transferred from ISSN Russia (11/11/22)
=985  \\$aUpdated by MS generated file for WR2302-017
=A02  \\$a2010934
=A02  \\$a2056788$z21977
=ACF  \\$aPrevious copyright fee: GBP21.25$c4\3$e01-jan-2009$fGBP21.25$g0$hP$5Uk
=ACF  \\$aPrevious copyright fee: GBP16.75$c4\3$e01-jan-2007$fGBP16.75$g0$hP$5Uk
=ACF  \\$aPrevious copyright fee: GBP16.22$c4\3$e01-oct-2006$fGBP16.22$g0$hP$5Uk
=ACF  \\$aPrevious copyright fee: GBP17.14$c4\3$e01-apr-2006$fGBP17.14$g0$hP$5Uk
=ACF  \\$aPrevious copyright fee: GBP16.67$c4\3$e01-jan-2006$fGBP16.67$g0$hP$5Uk
=ACF  \\$aPrevious copyright fee: GBP16.22$c4\3$e01-apr-2005$fGBP16.22$g0$hP$5Uk
=ACF  \\$aPrevious copyright fee: GBP16.67$c4\3$e01-jan-2005$fGBP16.67$g0$hP$5Uk
=ACF  \\$aPrevious copyright fee: GBP13.51$c4\3$e01-apr-2004$fGBP13.51$g0$hP$5Uk
=ACF  \\$aCurrent copyright fee: GBP14.71$c4\3$e01-jan-2004$fGBP14.71$g0$hP$5Uk
=ACF  \\$aCurrent copyright fee: GBP15.63$c4\3$e01-jan-2003$fGBP15.63$g0$hP$5Uk
=ACF  \\$aPrevious copyright fee: GBP22.00$c4\3$e01-apr-2009$fGBP22.00$g0$hP$5Uk
=ACF  \\$aPrevious copyright fee: GBP22.00$c4\3$e12-aug-2012$fGBP22.00$g0$hP$5Uk
=ACF  \\$aPrevious copyright fee: GBP25.00$c4\3$e01-jan-2013$fGBP25.00$g0$hP$5Uk
=ACF  \\$aPrevious copyright fee: GBP25.77$c4\3$e01-jul-2013$fGBP25.77$g0$hP$5Uk
=ACF  \\$aPrevious copyright fee: GBP24.97$c4\3$e01-jan-2014$fGBP24.97$g0$hP$5Uk
=ACF  \\$aPrevious copyright fee: GBP24.21$c4\3$e01-jul-2014$fGBP24.21$g0$hP$5Uk
=ACF  \\$aPrevious copyright fee: GBP25.77$c4\3$e01-apr-2015$fGBP25.77$g0$hP$5Uk
=ACF  \\$aPrevious copyright fee: GBP26.63$c4\3$e01-jul-2015$fGBP26.63$g0$hP$5Uk
=ACF  \\$aPrevious copyright fee: GBP25.77$c4\3$e01-oct-2015$fGBP25.77$g0$hP$5Uk
=ACF  \\$aPrevious copyright fee: GBP27.55$c4\3$e01-apr-2016$fGBP27.55$g0$hP$5Uk
=ACF  \\$aPrevious copyright fee: GBP29.59$c4\3$e01-oct-2016$fGBP29.59$g0$hP$5Uk
=ACF  \\$aPrevious copyright fee: GBP31.96$c4\3$e01-apr-2017$fGBP31.96$g0$hP$5Uk
=ACF  \\$aPrevious copyright fee: GBP30.73$c4\3$e01-oct-2017$fGBP30.73$g0$hP$5Uk
=ACF  \\$aPrevious copyright fee: GBP28.54$c4\3$e01-apr-2018$fGBP28.54$g0$hP$5Uk
=CAT  \\$aCONV$b00$c20040425$lBLL90$h0658
=CAT  \\$aBATCH-UPD$b00$c20150219$lBLL01$h1931
=CAT  \\$aIPL-CLA$c20150331$lBLL01$h1619
=CAT  \\$aBATCH-UPD$b00$c20150520$lBLL01$h1927
=CAT  \\$aIPL-CLA$c20150630$lBLL01$h1635
=CAT  \\$aBATCH-UPD$b00$c20150820$lBLL01$h1957
=CAT  \\$aIPL-CLA$c20150930$lBLL01$h1747
=CAT  \\$aBATCH-UPD$b00$c20160217$lBLL01$h1856
=CAT  \\$aIPL-CLA$c20160331$lBLL01$h1704
=CAT  \\$aBATCH-UPD$b00$c20160413$lBLL01$h1805
=CAT  \\$aBATCH-UPD$b00$c20160524$lBLL01$h2154
=CAT  \\$aBATCH-UPD$b00$c20160524$lBLL01$h2231
=CAT  \\$aBATCH-UPD$b00$c20160824$lBLL01$h1914
=CAT  \\$aIPL-CLA$c20160930$lBLL01$h1547
=CAT  \\$aBATCH-UPD$b00$c20170216$lBLL01$h1959
=CAT  \\$aIPL-CLA$c20170331$lBLL01$h1831
=CAT  \\$aBATCH-UPD$b00$c20170904$lBLL01$h2030
=CAT  \\$aIPL-CLA$c20170929$lBLL01$h1713
=CAT  \\$aBATCH-UPD$b00$c20180223$lBLL01$h1929
=CAT  \\$aIPL-CLA$c20180331$lBLL01$h1601
=CAT  \\$aBATCH-UPD$b00$c20180524$lBLL01$h1809
=CAT  \\$aIPL-CLA$c20180630$lBLL01$h1909
=CAT  \\$a10806$b40$c20221111$lBLL01$h1423
=CAT  \\$aBATCH-016$c20221116$lBLL01$h2210
=CAT  \\$aBATCH-UPD$b00$c20221121$lBLL01$h1357
=CAT  \\$aIPL-CLA$c20221231$lBLL01$h1435
=CAT  \\$aW2302-0174$c20230223$lBLL01$h1952
=CFI  0\$aCurrent copyright fee: GBP29.95$c22\1$e01-jan-2023$fGBP29.95$g0$hP$5Uk
=CFI  2\$aPrevious copyright fee: GBP34.00$c22\1$e01-jul-2018$fGBP34.00$g0$hP$5Uk
=EST  \\$a2
=FFP  \\$aY$bBLDSS-3PM
=FIN  \\$aY
=FMT  \\$a  SE
=LAS  \\$aW2302-0174$b00$c20230223$lBLL01$h1952
=LEO  \\$aMP10.0000024192
=LEO  \\$aMP25.0000025389
=LKR  \\$aPAR$b009180637$lBLL01$r78000$mCosmic research$nArtificial earth satellites.
=SID  \\$aZ39$bOCLC
=SRC  \\$aSRI01$bbibmp25.200404.2.aa
=SRC  \\$aDSS01$bbibmp10.200404.2.aa
=SRC  \\$aDSS03$bbibsr.200404.2.aa
=TCO  \\$aTRS$bCCC$c008
=TOC  \\$aETOC
=UNO  \\$aY

