=LDR  05065cas a2201189 i 4500
=001  012396323
=003  Uk
=005  20211231154116.0
=007  ta
=008  801111c19709999enkmr\p\\\\\\\0\\\a0eng\\
=010  \\$a72025484$zsn 80001278
=016  7\$a0253664$2DNLM
=016  7\$aC25600000$2DNLM
=019  c\$a2051445
=019  0\$as241786002
=022  0\$a0009-9163$202
=030  \\$aCLGNAY
=040  \\$aUk$cUk$dUk
=042  \\$ansdp$aissnuk
=050  10$aRB155$b.C57
=060  00$aW1$bCL71
=082  04$a616.042$221
=084  \\$aGU 53$2blsrissc
=084  \\$aGH 9$2blsrissc
=210  0\$aClin. genet.
=222  \0$aClinical genetics
=245  00$aClinical genetics.
=260  \\$aCopenhagen :$bMunksgaard,$c1970-
=300  \\$av. :$bill. ;$c25 cm.
=310  \\$aMonthly$b<, Mar. 1980- >
=321  \\$aSix no. a year
=336  \\$atext$2rdacontent
=337  \\$aunmediated$2rdamedia
=338  \\$avolume$2rdacarrier
=362  0\$aVol. 1 (1970)-
=500  \\$a"An international journal of genetics in medicine."
=510  2\$aChemical abstracts$x0009-2258$b-1988
=530  \\$aAlso available to subscribers via the World Wide Web.
=540  \\$aCurrent copyright fee: GBP46.00$c35\0$5Uk
=595  \\$aSEE ALSO 4336.0897 FOR OTHER SRIS HOLDINGS.
=650  \0$aMedical genetics$vPeriodicals.
=650  \2$aGenetics, Medical$vPeriodicals.
=776  1\$tClinical genetics$c(Online)$x1399-0004
=852  41$aBritish Library$bDSC$j3286.287000$3Vol. 1, no. 1 (1970)-v. 81, no. 2 (2012)***UKRR Retained Title
=852  71$aBritish Library$bSTI$k(P)$hGU 53$m-E(4)$2blsrissc$3Vol. 1 (1970)-v. 83, no. 6 (2013); Deficient: vol.46, no.2, 1994***title now taken as electronic copy only
=856  \\$31850-9999$uhttp://onlinelibrary.wiley.com/$xBLDSS
=856  41$uhttp://www.blackwell-synergy.com/issuelist.asp?journal=cge
=856  41$uhttp://www.ref.oclc.org:2000$zAddress for accessing the journal using authorization number and password through OCLC FirstSearch Electronic Collections Online. Subscription to online journal required for access to abstracts and full text
=856  41$uhttp://www.ref.oclc.org:2000/journal=0009-9163;screen=info;ECOIP$zAddress for accessing the journal from an authorized IP address through OCLC FirstSearch Electronic Collections Online. Subscription to online journal required for access to abstracts and full text
=945  \\$aCLINICAL GENETICS.
=959  \\$fHeld but not currently received
=968  \\$aC
=985  \\$aRecord merged by DQ team
=985  \\$aISSN responsibility transferred from ISSN Denmark 2003.
=ACF  \\$aCurrent copyright fee: GBP13.00$c10\0$e01-apr-2003$fGBP13.00$g0$hP$5Uk
=ACF  \\$aCurrent copyright fee: GBP13.00$c10\5$e01-jan-2002$fGBP13.00$g0$hP$5Uk
=ACF  \\$aPrevious copyright fee: GBP15.00$c10\0$e01-apr-2004$fGBP15.00$g0$hP$5Uk
=ACF  \\$aPrevious copyright fee: GBP22.00$c10\0$e01-jan-2006$fGBP22.00$g0$hP$5Uk
=ACF  \\$aPrevious copyright fee: GBP24.00$c10\0$e01-mar-2015$fGBP24.00$g0$hP$5Uk
=ACF  \\$aPrevious copyright fee: GBP24.00$c35\0$e07-mar-2017$fGBP24.00$g0$hP$5Uk
=ACF  \\$aPrevious copyright fee: GBP28.00$c35\0$e01-jan-2019$fGBP28.00$g0$hP$5Uk
=CAT  \\$aCONV$b00$c20040425$lBLL90$h0701
=CAT  \\$aBATCH-UPD$b40$c20060901$lBLL01$h1026
=CAT  \\$a11316$b40$c20071228$lBLL01$h1111
=CAT  \\$a11316$b40$c20080118$lBLL01$h0909
=CAT  \\$aCDS-UPD$b40$c20091208$lBLL01$h2213
=CAT  \\$aCDS-UPD$b40$c20091208$lBLL01$h2234
=CAT  \\$aBATCH$b00$c20091210$lBLL01$h2314
=CAT  \\$aBATCH-CLA$b00$c20121109$lBLL01$h1739
=CAT  \\$aWR12_168$c20121206$lBLL01$h1836
=CAT  \\$aWR13.005$c20130323$lBLL01$h1453
=CAT  \\$aBLDSS-3PM$b00$c20141214$lBLL01$h1521
=CAT  \\$aBATCH-UPD$b00$c20150215$lBLL01$h1623
=CAT  \\$aIPL-CLA$c20150228$lBLL01$h2046
=CAT  \\$aBATCH-UPD$b00$c20160413$lBLL01$h1815
=CAT  \\$aBATCH-UPD$b00$c20160604$lBLL01$h2252
=CAT  \\$aW1703-0316$c20170306$lBLL01$h1823
=CAT  \\$aW1703-0316$c20170307$lBLL01$h1646
=CAT  \\$aIPL-CLA$c20170307$lBLL01$h1823
=CAT  \\$aBATCH-UPD$b00$c20180219$lBLL01$h1744
=CAT  \\$aBATCH-UPD$b00$c20181121$lBLL01$h1620
=CAT  \\$aIPL-CLA$c20181231$lBLL01$h1539
=CAT  \\$aR1911-0245$c20191127$lBLL01$h0945
=CAT  \\$aR1911-0245$c20191127$lBLL01$h1044
=CAT  \\$aIPL-CLA$c20191231$lBLL01$h1914
=CAT  \\$aW2111-0842$c20211209$lBLL01$h1035
=CAT  \\$aIPL-CLA$c20211231$lBLL01$h1541
=CFI  0\$aCurrent copyright fee: GBP46.00$c35\0$e01-jan-2022$fGBP46.00$g0$hP$5Uk
=CFI  2\$aPrevious Copyright Fee: GBP39.00$c35\0$e01-jan-2020$fGBP39.00$g0$hP$5Uk
=EST  \\$a2
=FFP  \\$aY$bBLDSS-3PM
=FIN  \\$aY
=FMT  \\$a  SE
=LAS  \\$aIPL-CLA$b00$c20211231$lBLL01$h1541
=LEO  \\$aMP10.0000150345
=LEO  \\$aMP25.0000095789
=SID  \\$aZ39$bOCLC
=SRC  \\$aDSS01$bbibmp10.200404.2.aa
=SRC  \\$aSRI01$bbibmp25.200404.2.aa
=TCO  \\$aCLA$bCLA$c008
=TOC  \\$aETOC
=UNO  \\$aY

