=LDR  06998cas a22014777a 4500
=001  011101167
=003  Uk
=005  20221231144106.0
=007  ta
=008  931012c19939999ne\br\p\\\\\\\0\\\a0eng\\
=010  \\$a91649256$zsn 90016628
=016  7\$a9100834$2DNLM
=016  7\$aSR0066390$2DNLM
=019  0\$as593600002
=019  c\$a2406403
=022  0\$a0923-9820
=030  \\$aBIODEG
=032  \\$a006088$bUSPS
=037  \\$bKluwer Academic Publishers, P.O. Box 358, Accord Station, Hingham, MA 02018-0358
=040  \\$aUk$cUk$dUk
=042  \\$alc
=050  00$aQR97.X46$bB56
=060  00$aW1$bBI662S
=070  0\$aQR97.X46B56
=072  \0$aW000
=072  \0$aX300
=082  04$a620.11223$221
=084  \\$aDB 77$2blsrissc
=210  0\$aBiodegradation$b(Dordr.)
=222  \0$aBiodegradation$b(Dordrecht)
=245  00$aBiodegradation.
=260  \\$aDordrecht ;$aBoston :$bKluwer Academic Publishers,$c1990-.
=300  \\$av. :$bill. ;$c26 cm.
=310  \\$aBimonthly,$b<2002->
=321  \\$aFour no. a year,$b1990-
=336  \\$atext$2rdacontent
=337  \\$aunmediated$2rdamedia
=338  \\$avolume$2rdacarrier
=362  0\$aVol. 1, no. 1-
=500  \\$aTitle from cover.
=500  \\$aLatest issue consulted: Vol. 2, no. 4 published in 1992.
=515  \\$aSome no. issued combined.
=530  \\$aIssued also in microform by UMI.
=530  \\$aAlso available via World Wide Web;$bat the Kluwer web site and at OCLC FirstSearch Electronic Collections Online;$cSubscription required for access to abstracts and full text.
=540  \\$aCurrent copyright fee: GBP29.95$c22\1$5Uk
=650  \0$aXenobiotics$xBiodegradation$vPeriodicals.
=650  \0$aMicrobial metabolism$vPeriodicals.
=650  \0$aPollutants$xBiodegradation$vPeriodicals.
=650  \0$aWaste products$xBiodegradation$vPeriodicals.
=650  \2$aBiodegradation$vPeriodicals.
=776  1\$tBiodegradation (Online)
=852  41$aBritish Library$bDSC$j2071.240000$3Vol. 1, no. 1 (1990)-v. 19, no. 6 (2008)***UKRR Retained Title***Stock Incomplete
=852  71$aBritish Library$bSTI$k(P)$hDB 77$m-E(4)$2blsrissc$3Vol. 4 (1993)-v. 13, pt. 6 (2002)***UKRR Retained Title
=856  \\$31850-9999$uhttp://www.springer.com/gb/$xBLDSS
=856  4\$uhttp://firstsearch.oclc.org$zAddress for accessing the journal using authorization number and password through OCLC FirstSearch Electronic Collections Online. Subscription to online journal required for access to abstracts and full text
=856  4\$uhttp://firstsearch.oclc.org/journal=0923-9820;screen=info;ECOIP$zAddress for accessing the journal from an authorized IP address through OCLC FirstSearch Electronic Collections Online. Subscription to online journal required for access to abstracts and full text
=856  41$uhttp://www.wkap.nl/jrnltoc.htm/0923-9820
=945  \\$aBIODEGRADATION -DORDRECHT-.
=959  \\$fHeld but not currently received
=963  \\$aCA/U-2 VOL. 1, 1990- *A=1$bN
=985  \\$aRecord merged by DQ team
=ACF  \\$aPrevious copyright fee: GBP21.25$c13\1$e01-jan-2009$fGBP21.25$g0$hP$5Uk
=ACF  \\$aPrevious copyright fee: GBP16.75$c13\1$e01-jan-2007$fGBP16.75$g0$hP$5Uk
=ACF  \\$aPrevious copyright fee: GBP16.22$c13\1$e01-oct-2006$fGBP16.22$g0$hP$5Uk
=ACF  \\$aPrevious copyright fee: GBP17.14$c13\1$e01-apr-2006$fGBP17.14$g0$hP$5Uk
=ACF  \\$aPrevious copyright fee: GBP16.67$c13\1$e01-jan-2006$fGBP16.67$g0$hP$5Uk
=ACF  \\$aPrevious copyright fee: GBP16.22$c13\1$e01-apr-2005$fGBP16.22$g0$hP$5Uk
=ACF  \\$aPrevious copyright fee: GBP16.67$c13\1$e01-jan-2005$fGBP16.67$g0$hP$5Uk
=ACF  \\$aPrevious copyright fee: GBP13.51$c13\1$e01-apr-2004$fGBP13.51$g0$hP$5Uk
=ACF  \\$aCurrent copyright fee: GBP14.71$c13\1$e01-jan-2004$fGBP14.71$g0$hP$5Uk
=ACF  \\$aCurrent copyright fee: GBP15.63$c13\1$e01-jan-2003$fGBP15.63$g0$hP$5Uk
=ACF  \\$aPrevious copyright fee: GBP22.00$c13\1$e01-apr-2009$fGBP22.00$g0$hP$5Uk
=ACF  \\$aPrevious copyright fee: GBP22.00$c13\1$e12-aug-2012$fGBP22.00$g0$hP$5Uk
=ACF  \\$aPrevious copyright fee: GBP25.00$c13\1$e01-jan-2013$fGBP25.00$g0$hP$5Uk
=ACF  \\$aPrevious copyright fee: GBP25.77$c13\1$e01-jul-2013$fGBP25.77$g0$hP$5Uk
=ACF  \\$aPrevious copyright fee: GBP24.97$c13\1$e01-jan-2014$fGBP24.97$g0$hP$5Uk
=ACF  \\$aPrevious copyright fee: GBP24.21$c13\1$e01-jul-2014$fGBP24.21$g0$hP$5Uk
=ACF  \\$aPrevious copyright fee: GBP25.77$c13\1$e01-apr-2015$fGBP25.77$g0$hP$5Uk
=ACF  \\$aPrevious copyright fee: GBP26.63$c13\1$e01-jul-2015$fGBP26.63$g0$hP$5Uk
=ACF  \\$aPrevious copyright fee: GBP25.77$c13\1$e01-oct-2015$fGBP25.77$g0$hP$5Uk
=ACF  \\$aPrevious copyright fee: GBP27.55$c13\1$e01-apr-2016$fGBP27.55$g0$hP$5Uk
=ACF  \\$aPrevious copyright fee: GBP29.59$c13\1$e01-oct-2016$fGBP29.59$g0$hP$5Uk
=ACF  \\$aPrevious copyright fee: GBP31.96$c13\1$e01-apr-2017$fGBP31.96$g0$hP$5Uk
=ACF  \\$aPrevious copyright fee: GBP30.73$c13\1$e01-oct-2017$fGBP30.73$g0$hP$5Uk
=ACF  \\$aPrevious copyright fee: GBP28.54$c13\1$e01-apr-2018$fGBP28.54$g0$hP$5Uk
=CAT  \\$aCONV$b00$c20040425$lBLL90$h0659
=CAT  \\$aIPL-CLA$c20140630$lBLL01$h1711
=CAT  \\$aBLDSS-3PM$b00$c20150103$lBLL01$h1042
=CAT  \\$aBATCH-UPD$b00$c20150219$lBLL01$h1642
=CAT  \\$aIPL-CLA$c20150331$lBLL01$h1628
=CAT  \\$aBATCH-UPD$b00$c20150520$lBLL01$h1700
=CAT  \\$aIPL-CLA$c20150630$lBLL01$h1639
=CAT  \\$aBATCH-UPD$b00$c20150820$lBLL01$h1750
=CAT  \\$aIPL-CLA$c20150930$lBLL01$h1754
=CAT  \\$aBATCH-UPD$b00$c20160217$lBLL01$h1637
=CAT  \\$aIPL-CLA$c20160331$lBLL01$h1714
=CAT  \\$aBATCH-UPD$b00$c20160413$lBLL01$h1811
=CAT  \\$aBATCH-UPD$b00$c20160524$lBLL01$h2155
=CAT  \\$aBATCH-UPD$b00$c20160524$lBLL01$h2239
=CAT  \\$aBATCH-UPD$b00$c20160824$lBLL01$h1714
=CAT  \\$aIPL-CLA$c20160930$lBLL01$h1554
=CAT  \\$aBATCH-UPD$b00$c20170216$lBLL01$h1801
=CAT  \\$aIPL-CLA$c20170331$lBLL01$h1836
=CAT  \\$aBATCH-UPD$b00$c20170904$lBLL01$h1802
=CAT  \\$aIPL-CLA$c20170929$lBLL01$h1720
=CAT  \\$aBATCH-UPD$b00$c20180223$lBLL01$h1618
=CAT  \\$aIPL-CLA$c20180331$lBLL01$h1610
=CAT  \\$aBATCH-UPD$b00$c20180524$lBLL01$h1652
=CAT  \\$aIPL-CLA$c20180630$lBLL01$h1912
=CAT  \\$aBATCH-UPD$b00$c20221121$lBLL01$h1358
=CAT  \\$aIPL-CLA$c20221231$lBLL01$h1441
=CFI  0\$aCurrent copyright fee: GBP29.95$c22\1$e01-jan-2023$fGBP29.95$g0$hP$5Uk
=CFI  2\$aPrevious copyright fee: GBP34.00$c22\1$e01-jul-2018$fGBP34.00$g0$hP$5Uk
=EST  \\$a2
=FFP  \\$aY$bBLDSS-3PM
=FIN  \\$aY
=FMT  \\$a  SE
=LAS  \\$aIPL-CLA$b00$c20221231$lBLL01$h1441
=LEO  \\$aMP10.0000099349
=LEO  \\$aMP25.0000284795
=SID  \\$aZ39$bOCLC
=SRC  \\$aDSS01$bbibmp10.200404.2.aa
=SRC  \\$aSRI01$bbibmp25.200404.2.aa
=TCO  \\$aNLD$bSTICHTING REPRORECHT$c008
=TOC  \\$aETOC
=UNO  \\$aY

