=LDR  04487cas a2201177 i 4500
=001  012396521
=003  Uk
=005  20211231154117.0
=007  ta
=008  780815c19779999xxumr\p\\\\\\\0\\\a0eng\\
=010  \\$a78645198
=016  7\$a7706726$2DNLM
=016  7\$aC27060000$2DNLM
=019  c\$a2051522
=019  0\$as286281007
=022  0\$a0149-2918
=030  \\$aCLTHDG
=037  \\$bP.O. Box 3085, Princeton, N.J. 08543-3085
=040  \\$aUk$cUk$dUk
=042  \\$ansdp$alc
=050  00$aRM260$b.C56
=060  00$aW1$bCL796I
=082  04$a615.5$221
=084  \\$aHA 00$2blsrissc
=084  \\$aHD 80$2blsrissc
=210  0\$aClin. ther.
=222  \0$aClinical therapeutics
=245  00$aClinical therapeutics.
=260  \\$a[Princeton, N.J. :$bExcerpta Medica],$c1977-
=300  \\$av. ;$c24 cm.
=310  \\$aMonthly,$b1999-
=321  \\$aFour no. a year
=321  \\$aBimonthly,$b<1995-1998
=336  \\$atext$2rdacontent
=337  \\$aunmediated$2rdamedia
=338  \\$avolume$2rdacarrier
=362  0\$aVol. 1-
=500  \\$a"The international journal of drug therapy."
=510  0\$aChemical abstracts$x0009-2258
=525  \\$aSupplements accompany some numbers.
=530  \\$aAlso available online.
=540  \\$aCurrent copyright fee: GBP34.30$c5\1$5Uk
=595  \\$aSEE ALSO CARD INDEX.
=650  \0$aChemotherapy$vPeriodicals.
=650  \2$aDrug Therapy$vPeriodicals.
=776  1\$tClinical therapeutics (Online)
=852  41$aBritish Library$bDSC$j3286.399450$3Vol. 1 (1977)-v. 33, no. 12 (2011)
=852  71$aBritish Library$bSTI$k(P)$hHA 00$m-E(4)$2blsrissc$3Vol. 1 (1977)-vol. 24 (2002); Deficient: vol.14, no.5, 1992
=856  \\$31850-9999$uhttp://www.elsevier.com/journals$xBLDSS
=856  41$uhttp://www.sciencedirect.com/science/journal/01492918
=945  \\$aCLINICAL THERAPEUTICS.
=959  \\$fHeld but not currently received
=985  \\$aRecord merged by DQ team
=ACF  \\$aPrevious copyright fee: GBP19.00$c5\1$e01-jan-2008$fGBP19.00$g0$hP$5Uk
=ACF  \\$aPrevious copyright fee: GBP18.00$c5\1$e01-apr-2004$fGBP18.00$g0$hP$5Uk
=ACF  \\$aCurrent copyright fee: GBP20.00$c5\1$e01-jan-2003$fGBP20.00$g0$hP$5Uk
=ACF  \\$aCurrent copyright fee: GBP15.00$c5\1$e01-jul-2002$fGBP15.00$g0$hP$5Uk
=ACF  \\$aPrevious copyright fee: GBP20.00$c5\1$e01-jan-2009$fGBP20.00$g0$hP$5Uk
=ACF  \\$aPrevious copyright fee: GBP21.00$c5\1$e01-jan-2012$fGBP21.00$g0$hP$5Uk
=ACF  \\$aPrevious copyright fee: GBP22.50$c5\1$e01-jan-2013$fGBP22.50$g0$hP$5Uk
=ACF  \\$aPrevious copyright fee: GBP23.40$c5\1$e01-jan-2018$fGBP23.40$g0$hP$5Uk
=CAT  \\$aCONV$b00$c20040425$lBLL90$h0701
=CAT  \\$aBATCH-UPD$b40$c20071114$lBLL01$h1543
=CAT  \\$aBATCH-UPD$b40$c20071231$lBLL01$h2031
=CAT  \\$aBATCH-UPD$b40$c20071231$lBLL01$h2142
=CAT  \\$aBATCH$b00$c20071231$lBLL01$h2246
=CAT  \\$aBATCH-UPD$b00$c20081119$lBLL01$h1559
=CAT  \\$aBATCH-UPD$b00$c20081231$lBLL01$h2307
=CAT  \\$aBATCH-UPD$b00$c20090101$lBLL01$h0042
=CAT  \\$aBATCH$b00$c20090101$lBLL01$h0217
=CAT  \\$aCDS12-UPD$b40$c20111002$lBLL01$h2318
=CAT  \\$aBATCH-UPD$b40$c20111123$lBLL01$h1852
=CAT  \\$aIPL-CLA$c20111230$lBLL01$h2000
=CAT  \\$aBATCH-CLA$b00$c20121109$lBLL01$h1739
=CAT  \\$aBATCH-UPD$b00$c20121121$lBLL01$h1655
=CAT  \\$aIPL-CLA$c20121231$lBLL01$h1307
=CAT  \\$aIPL-CLA$c20130102$lBLL01$h1723
=CAT  \\$aWR13.005$c20130323$lBLL01$h1453
=CAT  \\$aBLDSS-3PM$b00$c20141222$lBLL01$h1712
=CAT  \\$aBATCH-UPD$b00$c20160413$lBLL01$h1815
=CAT  \\$aBATCH-UPD$b00$c20160604$lBLL01$h2252
=CAT  \\$aBATCH-UPD$b00$c20171121$lBLL01$h1742
=CAT  \\$aIPL-CLA$c20171231$lBLL01$h1613
=CAT  \\$aBATCH-UPD$b00$c20190521$lBLL01$h1434
=CAT  \\$aIPL-CLA$c20190630$lBLL01$h1531
=CAT  \\$aBATCH-UPD$b00$c20211119$lBLL01$h1552
=CAT  \\$aIPL-CLA$c20211231$lBLL01$h1541
=CFI  0\$aCurrent copyright fee: GBP34.30$c5\1$e01-jan-2022$fGBP34.30$g0$hP$5Uk
=CFI  2\$aPrevious copyright fee: GBP32.84$c5\1$e01-jul-2019$fGBP32.84$g0$hP$5Uk
=EST  \\$a2
=FFP  \\$aY$bBLDSS-3PM
=FIN  \\$aY
=FMT  \\$a  SE
=LAS  \\$aIPL-CLA$b00$c20211231$lBLL01$h1541
=LEO  \\$aMP10.0000150672
=LEO  \\$aMP25.0000124547
=SID  \\$aZ39$bOCLC
=SRC  \\$aDSS01$bbibmp10.200404.2.aa
=SRC  \\$aSRI01$bbibmp25.200404.2.aa
=TCO  \\$aTRS$bCCC$c008
=TOC  \\$aETOC

