=LDR  06879cas a2201549 a 4500
=001  012401981
=003  Uk
=005  20230606110616.0
=006  aa\\\|||||||||||||
=007  ta
=008  020318d20022012enkqr\p\\\\\\\0\\\a0eng\\
=010  \\$a2002233059
=015  \\$aGBA221918$2bnb
=016  7\$a101134362$2DNLM
=019  y\$abA221918
=019  9\$abA221918
=019  0\$as675527007
=019  c\$a2610869
=022  0\$a1618-5641$202
=030  \\$aCCPOAJ
=039  0\$a2685
=040  \\$aUk$cUk$dUk
=042  \\$aissnuk
=050  14$aQP91$b.C66
=060  00$aW1$bCO435J
=082  04$a616.15005$221
=082  04$a616.15$221
=084  \\$aEX 39$2blsrissc
=222  \0$aComparative clinical pathology$b(Print)
=245  00$aComparative clinical pathology.
=260  \\$aLondon :$bSpringer-Verlag London Ltd.,$c2002-2012
=300  \\$av. :$bill. ;$c28 cm.
=310  \\$aQuarterly
=336  \\$atext$2rdacontent
=337  \\$aunmediated$2rdamedia
=338  \\$avolume$2rdacarrier
=362  0\$aVol. 11, no. 1 (Jan. 2002)-
=500  \\$aTitle from cover.
=510  0\$aChemical abstracts,$x0009-2258
=530  \\$aIssued also in microfilm by University Microfilms, and online.
=540  \\$aCurrent copyright fee: GBP34.95$c22\1$5Uk
=595  \\$aFORMERLY 3363.7822 UP TO VOL. 10, 2000 SEE ALSO 3363.7822 FOR CUL HOLDINGS.
=597  \\$aEnhanced$bSRIS DDC
=650  \0$aDiagnosis, Laboratory$vPeriodicals.
=650  \0$aPathology, Comparative$vPeriodicals.
=650  \0$aHematology$vPeriodicals.
=650  \0$aClinical chemistry$vPeriodicals.
=650  12$aPathology, Clinical$xmethods$vPeriodicals.
=650  22$aBlood Chemical Analysis$vPeriodicals.
=650  22$aChemistry, Clinical$xmethods$vPeriodicals.
=776  08$iContinued online:$tComparative clinical pathology (Online)$x1618-565X
=780  00$tComparative haematology international$x0938-7714
=852  41$aBritish Library$bDSC$j3363.752705$3Vol. 11, no. 1 (2002)-v. 19, no. 6 (2010)***UKRR Retained Title***Stock Incomplete
=852  71$aBritish Library$bSTI$k(P)$hEX 39$m-E(19)$2blsrissc$3Vol. 11 (2002)-v. 21, no. 3 (2012)
=856  \\$31850-9999$uhttp://www.springer.com/gb/$xBLDSS
=856  41$uhttp://www.metapress.com/link.asp?id=102819
=856  41$uhttp://www.springerlink.com/link.asp?id=102819
=945  \\$aCOMPARATIVE CLINICAL PATHOLOGY.
=957  \\$a020214c
=959  \\$fHeld but not currently received
=985  \\$aRecord merged by DQ team
=985  \\$aISSN UK Centre: ISSN responsibility transferred to UK Centre at request of ISSN Germany 6/6/23.
=ACF  \\$aPrevious copyright fee: GBP21.25$c22\7$e01-jan-2009$fGBP21.25$g0$hP$5Uk
=ACF  \\$aPrevious copyright fee: GBP16.75$c22\7$e01-jan-2007$fGBP16.75$g0$hP$5Uk
=ACF  \\$aPrevious copyright fee: GBP16.22$c22\7$e01-oct-2006$fGBP16.22$g0$hP$5Uk
=ACF  \\$aPrevious copyright fee: GBP17.14$c22\7$e01-apr-2006$fGBP17.14$g0$hP$5Uk
=ACF  \\$aPrevious copyright fee: GBP16.67$c22\7$e01-jan-2006$fGBP16.67$g0$hP$5Uk
=ACF  \\$aPrevious copyright fee: GBP16.22$c22\7$e01-apr-2005$fGBP16.22$g0$hP$5Uk
=ACF  \\$aPrevious copyright fee: GBP16.67$c22\7$e01-jan-2005$fGBP16.67$g0$hP$5Uk
=ACF  \\$aPrevious copyright fee: GBP18.92$c22\7$e01-apr-2004$fGBP18.92$g0$hP$5Uk
=ACF  \\$aCurrent copyright fee: GBP20.58$c22\7$e01-jan-2004$fGBP20.58$g0$hP$5Uk
=ACF  \\$aCurrent copyright fee: GBP20.00$c22\7$e01-jan-2003$fGBP20.00$g0$hP$5Uk
=ACF  \\$aPrevious copyright fee: GBP22.00$c22\7$e01-apr-2009$fGBP22.00$g0$hP$5Uk
=ACF  \\$aPrevious copyright fee: GBP22.00$c22\7$e12-aug-2012$fGBP22.00$g0$hP$5Uk
=ACF  \\$aPrevious copyright fee: GBP25.00$c22\7$e01-jan-2013$fGBP25.00$g0$hP$5Uk
=ACF  \\$aPrevious copyright fee: GBP25.77$c22\7$e01-jul-2013$fGBP25.77$g0$hP$5Uk
=ACF  \\$aPrevious copyright fee: GBP24.97$c22\7$e01-jan-2014$fGBP24.97$g0$hP$5Uk
=ACF  \\$aPrevious copyright fee: GBP24.21$c22\7$e01-jul-2014$fGBP24.21$g0$hP$5Uk
=ACF  \\$aPrevious copyright fee: GBP25.77$c22\7$e01-apr-2015$fGBP25.77$g0$hP$5Uk
=ACF  \\$aPrevious copyright fee: GBP26.63$c22\7$e01-jul-2015$fGBP26.63$g0$hP$5Uk
=ACF  \\$aPrevious copyright fee: GBP25.77$c22\7$e01-oct-2015$fGBP25.77$g0$hP$5Uk
=ACF  \\$aPrevious copyright fee: GBP27.55$c22\7$e01-apr-2016$fGBP27.55$g0$hP$5Uk
=ACF  \\$aPrevious copyright fee: GBP29.59$c22\7$e01-oct-2016$fGBP29.59$g0$hP$5Uk
=ACF  \\$aPrevious copyright fee: GBP31.96$c22\7$e01-apr-2017$fGBP31.96$g0$hP$5Uk
=ACF  \\$aPrevious copyright fee: GBP30.73$c22\7$e01-oct-2017$fGBP30.73$g0$hP$5Uk
=ACF  \\$aPrevious copyright fee: GBP28.54$c22\7$e01-apr-2018$fGBP28.54$g0$hP$5Uk
=ACF  \\$aPrevious copyright fee: GBP34.00$c22\1$e01-jul-2018$fGBP34.00$g0$hP$5Uk
=CAT  \\$aCONV$b00$c20040425$lBLL90$h0701
=CAT  \\$aBATCH-UPD$b00$c20150520$lBLL01$h1756
=CAT  \\$aIPL-CLA$c20150630$lBLL01$h1642
=CAT  \\$a7778$b40$c20150721$lBLL01$h1456
=CAT  \\$aBATCH-UPD$b40$c20150820$lBLL01$h1844
=CAT  \\$aIPL-CLA$c20150930$lBLL01$h1759
=CAT  \\$aBATCH-UPD$b00$c20160217$lBLL01$h1735
=CAT  \\$aIPL-CLA$c20160331$lBLL01$h1720
=CAT  \\$aBATCH-UPD$b00$c20160413$lBLL01$h1816
=CAT  \\$aBATCH-UPD$b00$c20160524$lBLL01$h2209
=CAT  \\$aBATCH-UPD$b00$c20160525$lBLL01$h0010
=CAT  \\$aBATCH-UPD$b00$c20160824$lBLL01$h1801
=CAT  \\$aIPL-CLA$c20160930$lBLL01$h1558
=CAT  \\$a7778$b40$c20161021$lBLL01$h1042
=CAT  \\$aBATCH-UPD$b40$c20170216$lBLL01$h1850
=CAT  \\$aIPL-CLA$c20170331$lBLL01$h1840
=CAT  \\$aBATCH-UPD$b00$c20170904$lBLL01$h1859
=CAT  \\$aIPL-CLA$c20170929$lBLL01$h1724
=CAT  \\$aBATCH-UPD$b00$c20180223$lBLL01$h1732
=CAT  \\$aIPL-CLA$c20180331$lBLL01$h1615
=CAT  \\$aBATCH-UPD$b00$c20180524$lBLL01$h1720
=CAT  \\$aIPL-CLA$c20180630$lBLL01$h1914
=CAT  \\$a5552$b40$c20210811$lBLL01$h0707
=CAT  \\$aIPL-CLA$c20210930$lBLL01$h1527
=CAT  \\$aBATCH-UPD$b00$c20221121$lBLL01$h1410
=CAT  \\$aIPL-CLA$c20221231$lBLL01$h1443
=CAT  \\$a10973$b40$c20230606$lBLL01$h1106
=CFI  0\$aCurrent copyright fee: GBP34.95$c22\1$e01-jan-2023$fGBP34.95$g0$hP$5Uk
=CFI  2\$aPrevious copyright fee: GBP43.00$c22\1$e01-oct-2021$fGBP43.00$g0$hP$5Uk
=EST  \\$a2
=FFP  \\$aY$bBLDSS-3PM
=FIN  \\$aY
=FMT  \\$a  SE
=LAS  \\$a10973$b40$c20230606$lBLL01$h1106
=LEO  \\$aMP5.0000010236
=LEO  \\$aMP10.0000158298
=LEO  \\$aMP25.0000354956
=LKR  \\$aPAR$b012402000$lBLL01$r78000$mComparative clinical pathology.$nComparative haematology international
=SID  \\$aZ39$bOCLC
=SRC  \\$aBNB03$bbibmp5.200404.2.aa
=SRC  \\$aDSS01$bbibmp10.200404.2.aa
=SRC  \\$aSRI01$bbibmp25.200404.2.aa
=TCO  \\$aCLA$bCLA$c008
=TOC  \\$aETOC
=UNO  \\$aY

