=LDR  05697cas a2201321 i 4500
=001  011094158
=003  Uk
=005  20221231144101.0
=007  ta
=008  760331c19769999gw\mr\p\\\\\\\0\\\a0eng\\
=010  \\$a76647864
=016  7\$a7608456$2DNLM
=016  7\$aB02340000$2DNLM
=019  0\$as276085000
=019  c\$a2032229
=022  0\$a0340-5443
=030  \\$aBESOD6
=040  \\$aUk$cUk$dUk
=042  \\$ansdp$aukblsr
=050  00$aQL750$b.B533
=060  00$aW1$bBE13C
=070  \\$aQL751.B4
=082  04$a577.8$221
=084  \\$aFF 35$2blsrissc
=210  0\$aBehav. ecol. sociobiol.$b(Print)
=222  \0$aBehavioral ecology and sociobiology$b(Print)
=245  00$aBehavioral ecology and sociobiology.
=260  \\$aBerlin ;$aNew York :$bSpringer-Verlag,$c1976-
=300  \\$av. :$bill. ;$c25 cm.
=310  \\$a12 issues (in 2 vols.) yearly,$b<1987- >
=321  \\$a8 issues (2 vols.) yearly,$b<1981- >
=321  \\$aFour issues yearly
=336  \\$atext$2rdacontent
=337  \\$aunmediated$2rdamedia
=338  \\$avolume$2rdacarrier
=362  0\$aVol. 1-
=540  \\$aCurrent copyright fee: GBP29.95$c22\1$5Uk
=595  \\$aSRIS SHARED STOCK. SEE ALSO SERIAL RECORDS OLIS.
=650  \0$aAnimal behavior$vPeriodicals.
=650  \0$aAnimal ecology$vPeriodicals.
=650  \2$aEcology$vPeriodicals.
=650  \2$aEthology$vPeriodicals.
=650  \2$aSocial Behavior$vPeriodicals.
=776  0\$tBehavioral ecology and sociobiology (Online)$x1432-0762
=852  41$aBritish Library$bDSC$j1877.400000$3Vol. 1 (1976)-v. 39, no. 6 (1996); v. 61, no. 6 (2007)-v. 63, no. 10 (2009)***UKRR Retained Title
=852  71$aBritish Library$bSTI$k(P)$hFF 35$m-E(1)$2blsrissc$3Vol. 1 (1976)-v. 64, no. 12 (2010)***UKRR Retained Title
=856  \\$31850-9999$uhttp://www.springer.com/gb/$xBLDSS
=856  41$uhttp://www.springerlink.com/link.asp?id=100464
=945  \\$aBEHAVIORAL ECOLOGY AND SOCIOBIOLOGY.
=959  \\$fHeld but not currently received
=963  \\$aCA/U-6 VOL. 1, 1976- *A=1$bY
=985  \\$aRecord merged by DQ team
=ACF  \\$aPrevious copyright fee: GBP16.67$c22\3$e01-jan-2006$fGBP16.67$g0$hP$5Uk
=ACF  \\$aPrevious copyright fee: GBP16.22$c22\3$e01-apr-2005$fGBP16.22$g0$hP$5Uk
=ACF  \\$aPrevious copyright fee: GBP16.67$c22\3$e01-jan-2005$fGBP16.67$g0$hP$5Uk
=ACF  \\$aPrevious copyright fee: GBP18.92$c22\3$e01-apr-2004$fGBP18.92$g0$hP$5Uk
=ACF  \\$aCurrent copyright fee: GBP20.58$c22\3$e01-jan-2004$fGBP20.58$g0$hP$5Uk
=ACF  \\$aCurrent copyright fee: GBP20.00$c22\3$e01-jan-2003$fGBP20.00$g0$hP$5Uk
=ACF  \\$aPrevious copyright fee: GBP17.14$c22\3$e01-apr-2006$fGBP17.14$g0$hP$5Uk
=ACF  \\$aPrevious copyright fee: GBP22.00$c22\3$e12-aug-2012$fGBP22.00$g0$hP$5Uk
=ACF  \\$aPrevious copyright fee: GBP25.00$c22\3$e01-jan-2013$fGBP25.00$g0$hP$5Uk
=ACF  \\$aPrevious copyright fee: GBP25.77$c22\3$e01-jul-2013$fGBP25.77$g0$hP$5Uk
=ACF  \\$aPrevious copyright fee: GBP24.97$c22\3$e01-jan-2014$fGBP24.97$g0$hP$5Uk
=ACF  \\$aPrevious copyright fee: GBP24.21$c22\3$e01-jul-2014$fGBP24.21$g0$hP$5Uk
=ACF  \\$aPrevious copyright fee: GBP25.77$c22\3$e01-apr-2015$fGBP25.77$g0$hP$5Uk
=ACF  \\$aPrevious copyright fee: GBP26.63$c22\3$e01-jul-2015$fGBP26.63$g0$hP$5Uk
=ACF  \\$aPrevious copyright fee: GBP25.77$c22\3$e01-oct-2015$fGBP25.77$g0$hP$5Uk
=ACF  \\$aPrevious copyright fee: GBP27.55$c22\3$e01-apr-2016$fGBP27.55$g0$hP$5Uk
=ACF  \\$aPrevious copyright fee: GBP29.59$c22\3$e01-oct-2016$fGBP29.59$g0$hP$5Uk
=ACF  \\$aPrevious copyright fee: GBP31.96$c22\3$e01-apr-2017$fGBP31.96$g0$hP$5Uk
=ACF  \\$aPrevious copyright fee: GBP30.73$c22\3$e01-oct-2017$fGBP30.73$g0$hP$5Uk
=ACF  \\$aPrevious copyright fee: GBP28.54$c22\3$e01-apr-2018$fGBP28.54$g0$hP$5Uk
=CAT  \\$aCONV$b00$c20040425$lBLL90$h0659
=CAT  \\$aIPL-CLA$c20140630$lBLL01$h1711
=CAT  \\$aBLDSS-3PM$b00$c20150103$lBLL01$h1042
=CAT  \\$aBATCH-UPD$b00$c20150219$lBLL01$h1742
=CAT  \\$aIPL-CLA$c20150331$lBLL01$h1627
=CAT  \\$aBATCH-UPD$b00$c20150520$lBLL01$h1749
=CAT  \\$aIPL-CLA$c20150630$lBLL01$h1639
=CAT  \\$aBATCH-UPD$b00$c20150820$lBLL01$h1836
=CAT  \\$aIPL-CLA$c20150930$lBLL01$h1754
=CAT  \\$aBATCH-UPD$b00$c20160217$lBLL01$h1726
=CAT  \\$aIPL-CLA$c20160331$lBLL01$h1714
=CAT  \\$aBATCH-UPD$b00$c20160413$lBLL01$h1811
=CAT  \\$aBATCH-UPD$b00$c20160524$lBLL01$h2208
=CAT  \\$aBATCH-UPD$b00$c20160525$lBLL01$h0004
=CAT  \\$aBATCH-UPD$b00$c20160824$lBLL01$h1754
=CAT  \\$aIPL-CLA$c20160930$lBLL01$h1554
=CAT  \\$aBATCH-UPD$b00$c20170216$lBLL01$h1842
=CAT  \\$aIPL-CLA$c20170331$lBLL01$h1836
=CAT  \\$aBATCH-UPD$b00$c20170904$lBLL01$h1851
=CAT  \\$aIPL-CLA$c20170929$lBLL01$h1720
=CAT  \\$aBATCH-UPD$b00$c20180223$lBLL01$h1718
=CAT  \\$aIPL-CLA$c20180331$lBLL01$h1609
=CAT  \\$aBATCH-UPD$b00$c20180524$lBLL01$h1713
=CAT  \\$aIPL-CLA$c20180630$lBLL01$h1912
=CAT  \\$aBATCH-UPD$b00$c20221121$lBLL01$h1358
=CAT  \\$aIPL-CLA$c20221231$lBLL01$h1441
=CFI  0\$aCurrent copyright fee: GBP29.95$c22\1$e01-jan-2023$fGBP29.95$g0$hP$5Uk
=CFI  2\$aPrevious copyright fee: GBP34.00$c22\1$e01-jul-2018$fGBP34.00$g0$hP$5Uk
=EST  \\$a2
=FFP  \\$aY$bBLDSS-3PM
=FIN  \\$aY
=FMT  \\$a  SE
=LAS  \\$aIPL-CLA$b00$c20221231$lBLL01$h1441
=LEO  \\$aMP10.0000090477
=LEO  \\$aMP25.0000113599
=SID  \\$aZ39$bOCLC
=SRC  \\$aDSS01$bbibmp10.200404.2.aa
=SRC  \\$aSRI01$bbibmp25.200404.2.aa
=TCO  \\$aDEU$bVG WORT$c008
=TOC  \\$aETOC
=UNO  \\$aY

