=LDR  05360cas a2201345 a 4500
=001  011101106
=003  Uk
=005  20211231153946.0
=006  aac\\|||||||||||||
=007  ta
=008  980304c19989999ne\br1p\\\\\\\0\\\a0eng\d
=010  \\$a98646940$zsn 98038067
=015  \\$aGB9830836$2bnb
=016  7\$a9891831$2DNLM
=016  7\$aSR0092118$2DNLM
=019  y\$ab9830836
=019  9\$ab9830836
=019  0\$as640907008
=019  c\$a2256944
=022  0\$a1369-703X
=030  \\$aBEJOFV
=037  \\$bElsevier Science, P.O. Box 945, New York, NY 10159-0945
=039  0\$a2487
=040  \\$aUk$cUk$dUk
=042  \\$alc$ansdp
=050  00$aTP248.3$b.B55
=070  0\$aTP248.3.B55
=072  \0$aX600
=072  \0$aX300
=082  04$a660.63$221
=084  \\$aLR 71$2blsrissc
=210  0\$aBiochem. eng. j.
=222  \0$aBiochemical engineering journal
=245  00$aBiochemical engineering journal.
=260  \\$aAmsterdam ;$aOxford :$bElsevier,$c1998-
=300  \\$av. :$bill., ports. ;$c30 cm.
=310  \\$aBimonthly,$b2004-
=321  \\$aSix issues a year,$b1998-2000
=321  \\$aNine numbers a year,$b2001-2002
=321  \\$aTwelve numbers a year,$b2003
=336  \\$atext$2rdacontent
=337  \\$aunmediated$2rdamedia
=338  \\$avolume$2rdacarrier
=362  0\$aVol. 1, no. 1 (Jan. 1998)-
=500  \\$aLatest issue consulted: Vol. 16, no. 3 (Dec. 2003).
=510  0\$aChemical abstracts$x0009-2258
=515  \\$aEach vol. consists of 3 issues; some issues combined.
=530  \\$aAvailable also by subscription via the World Wide Web.
=540  \\$aCurrent copyright fee: GBP34.30$c5\1$5Uk
=595  \\$aSEE ALSO IN 3143.700 SEE ALSO SERIAL RECORDS ICE.
=597  \\$aEnhanced$bSRIS DDC
=650  \0$aBiochemical engineering$vPeriodicals.
=776  1\$tBiochemical engineering journal (Online)
=780  01$tChemical engineering journal (Lausanne, Switzerland : 1996)$x1385-8947
=852  41$aBritish Library$bDSC$j2066.962500$3Vol. 1, issue 1 (1998)-v. 47, issue 1/3 (2009)***UKRR Retained Title***Stock Incomplete
=852  71$aBritish Library$bSTI$k(P)$hLR 71$m-E(2)$2blsrissc$3Vol. 1 (1998)- v. 6 (2000)
=852  41$aBritish Library$bHMNTS$jDZK.9.x.219$3Vol. 7, no. 1 (Jan. 2001)-v. 42, no. 1 (2008)
=856  \\$31850-9999$uhttp://www.elsevier.com/journals$xBLDSS
=856  41$uhttp://www.sciencedirect.com/science/journal/1369703X
=945  \\$aBIOCHEMICAL ENGINEERING JOURNAL.
=957  \\$a980215c
=959  \\$fHeld but not currently received
=963  \\$aCA/U-2 VOL. 1, 1998- *A=1$bN
=985  \\$aRecord merged by DQ team
=ACF  \\$aPrevious copyright fee: GBP19.00$c5\2$e01-jan-2008$fGBP19.00$g0$hP$5Uk
=ACF  \\$aPrevious copyright fee: GBP18.00$c5\2$e01-apr-2004$fGBP18.00$g0$hP$5Uk
=ACF  \\$aCurrent copyright fee: GBP20.00$c5\2$e01-jan-2003$fGBP20.00$g0$hP$5Uk
=ACF  \\$aCurrent copyright fee: GBP15.00$c5\2$e01-jul-2002$fGBP15.00$g0$hP$5Uk
=ACF  \\$aPrevious copyright fee: GBP20.00$c5\1$e01-jan-2009$fGBP20.00$g0$hP$5Uk
=ACF  \\$aPrevious copyright fee: GBP21.00$c5\1$e01-jan-2012$fGBP21.00$g0$hP$5Uk
=ACF  \\$aPrevious copyright fee: GBP22.50$c5\1$e01-jan-2013$fGBP22.50$g0$hP$5Uk
=ACF  \\$aPrevious copyright fee: GBP23.40$c5\1$e01-jan-2018$fGBP23.40$g0$hP$5Uk
=CAT  \\$aCONV$b00$c20040425$lBLL90$h0659
=CAT  \\$aBATCH-UPD$b00$c20081119$lBLL01$h1602
=CAT  \\$aBATCH-UPD$b00$c20081231$lBLL01$h2250
=CAT  \\$aBATCH-UPD$b00$c20090101$lBLL01$h0028
=CAT  \\$aBATCH$b00$c20090101$lBLL01$h0203
=CAT  \\$aCDS-UPD$b40$c20091208$lBLL01$h2212
=CAT  \\$aCDS-UPD$b40$c20091208$lBLL01$h2233
=CAT  \\$aWR11_155$c20111021$lBLL01$h1304
=CAT  \\$aWR11_155$c20111114$lBLL01$h1644
=CAT  \\$aBATCH-UPD$b00$c20111123$lBLL01$h1851
=CAT  \\$aIPL-CLA$c20111230$lBLL01$h1904
=CAT  \\$aBATCH-CLA$b00$c20121107$lBLL01$h1913
=CAT  \\$aBATCH-UPD$b00$c20121121$lBLL01$h1654
=CAT  \\$aIPL-CLA$c20121231$lBLL01$h1300
=CAT  \\$aIPL-CLA$c20130102$lBLL01$h1712
=CAT  \\$aWR13.005$c20130323$lBLL01$h1408
=CAT  \\$aWR14_140$c20140905$lBLL01$h1747
=CAT  \\$aBLDSS-3PM$b00$c20141222$lBLL01$h1711
=CAT  \\$aBATCH-UPD$b00$c20160413$lBLL01$h1811
=CAT  \\$aBATCH-UPD$b00$c20160604$lBLL01$h2244
=CAT  \\$aBATCH-UPD$b00$c20171121$lBLL01$h1741
=CAT  \\$aIPL-CLA$c20171231$lBLL01$h1529
=CAT  \\$aBATCH-UPD$b00$c20190521$lBLL01$h1433
=CAT  \\$aIPL-CLA$c20190630$lBLL01$h1529
=CAT  \\$aBATCH-UPD$b00$c20211119$lBLL01$h1551
=CAT  \\$aIPL-CLA$c20211231$lBLL01$h1539
=CFI  0\$aCurrent copyright fee: GBP34.30$c5\1$e01-jan-2022$fGBP34.30$g0$hP$5Uk
=CFI  2\$aPrevious copyright fee: GBP32.84$c5\1$e01-jul-2019$fGBP32.84$g0$hP$5Uk
=EST  \\$a2
=FFP  \\$aY$bBLDSS-3PM
=FIN  \\$aY
=FMT  \\$a  SE
=LAS  \\$aIPL-CLA$b00$c20211231$lBLL01$h1539
=LEO  \\$aMP5.0001498925
=LEO  \\$aMP10.0000099237
=LEO  \\$aMP25.0000324323
=LKR  \\$aPAR$b011749065$lBLL01$r78001$mBiochemical engineering journal$nChemical engineering journal (1996)
=SID  \\$aZ39$bOCLC
=SRC  \\$aBNB03$bbibmp5.200404.2.ac
=SRC  \\$aDSS01$bbibmp10.200404.2.aa
=SRC  \\$aSRI01$bbibmp25.200404.2.aa
=TCO  \\$aNLD$bSTICHTING REPRORECHT$c008
=TOC  \\$aETOC

