=LDR  06622cas a2201477 a 4500
=001  011101540
=003  Uk
=005  20211231153948.0
=007  ta
=008  810707c19819999fr\mr\p\\\\\\\0\\\a0mul\\
=010  \\$a81641985
=016  7\$a8108529$2DNLM
=016  7\$aB17725000$2DNLM
=019  0\$as112159036
=019  c\$a2187980
=022  0\$a0248-4900$y0399-0311$y0248-9000
=030  \\$aBCELDF
=040  \\$aUk$cUk$dUk
=041  0\$aeng$afre$beng
=042  \\$alc$ansdp
=050  00$aQH212.E4$bJ6
=060  00$aW1$bBI852NL
=082  04$a571.6$221
=084  \\$aCK 00$2blsrissc
=210  0\$aBiol. cell$b(1981)
=222  \0$aBiology of the cell
=245  00$aBiology of the cell.
=260  \\$aIvry sur Seine :$bPublié par la Société française de microscopie électronique avec le concours du Centre national de la recherche scientifique et de l'Institute national de santé et de la recherche médicale,$c1981-
=300  \\$av. :$bill. ;$c30 cm.
=310  \\$aMonthly,$b2005-
=321  \\$aNine no. a year,$b1981-2004
=336  \\$atext$2rdacontent
=337  \\$aunmediated$2rdamedia
=338  \\$avolume$2rdacarrier
=362  0\$aVol. 40, no. 1-
=500  \\$aTitle from cover.
=500  \\$aSome issues also have distinctive theme titles.
=500  \\$aPublished <2003->: Amsterdam : Elsevier Science.
=510  2\$aChemical abstracts$x0009-2258
=515  \\$aSome nos. issued in combined form.
=530  \\$aAlso available online.
=540  \\$aCurrent copyright fee: GBP39.00$c35\0$5Uk
=546  \\$aIn English or French, with English summaries.
=550  \\$aPublished under the auspices of the European Cell Biology Organization.
=550  \\$aPublished: U.K. : Portland Press on behalf of the Société française de microscopies and the Société de biologie cellulaire de France, <July 2005->
=595  \\$aFORMERLY 2082.07 UP TO VOL. 39, 1980.
=650  \0$aCytology$vPeriodicals.
=650  \0$aElectron microscopy$vPeriodicals.
=650  \2$aCytology$vPeriodicals.
=650  \6$aCytologie$vPériodiques.
=650  \6$aMicroscopes électroniques$vPériodiques.
=710  2\$aSociété française de microscopie électronique.
=710  2\$aSociété française des microscopies.
=710  2\$aEuropean Cell Biology Organization.
=710  2\$aSociété de biologie cellulaire de France.
=710  2\$aCentre national de la recherche scientifique (France)
=710  2\$aInstitut national de la santé et de la recherche médicale (France)
=776  1\$tBiology of the cell (Online)$x1768-322X
=780  00$tBiologie cellulaire$x0399-0311
=852  41$aBritish Library$bHMNTS$jDZK.9.x.457$3Vol. 94, no. 1 (Feb. 2002)-v. 104, no. 12 (2012)***title now taken as electronic copy only
=852  71$aBritish Library$bSTI$k(P)$hCK 00$m-E(28)$2blsrissc$3Vol. 40 (1981)-v. 94 (2002); Deficient: vol.65, no.1, 1989
=852  41$aBritish Library$bDSC$j2087.045000$3Vol. 40 (1981)-v. 103, issue 12 (2011)***UKRR Retained Title
=856  \\$31850-9999$uhttp://onlinelibrary.wiley.com/$xBLDSS
=856  41$uhttp://www.sciencedirect.com/science/journal/02484900
=945  \\$aBIOLOGY OF THE CELL
=959  \\$fHeld but not currently received
=963  \\$aCA/U-2 VOL. 40, 1981- *A=1$bY
=964  \\$aVOL. 40, 1981- *A=1$c535.8$dQ$eJJ436
=985  \\$aRecord merged by DQ team
=ACF  \\$aPrevious Copyright Fee: GBP19.00$c5\6$e11-jun-2008$fGBP19.00$g0$hP$5Uk
=ACF  \\$aPrevious Copyright Fee: GBP30.00$c0$e01-apr-2008$fGBP30.00$g0$hC$5Uk
=ACF  \\$aPrevious Copyright Fee: GBP30.00$c0$e01-jan-2008$fGBP30.00$g0$hC$5Uk
=ACF  \\$aPrevious Copyright Fee: GBP30.00$c0$e01-oct-2007$fGBP30.00$g0$hC$5Uk
=ACF  \\$aPrevious Copyright Fee: GBP30.00$c0$e01-jul-2007$fGBP30.00$g0$hC$5Uk
=ACF  \\$aPrevious Copyright Fee: GBP30.00$c0$e01-apr-2007$fGBP30.00$g0$hC$5Uk
=ACF  \\$aPrevious Copyright Fee: GBP25.00$c0$e01-apr-2005$fGBP25.00$g0$hC$5Uk
=ACF  \\$aPrevious copyright fee: GBP5.00$c0$e01-jan-2005$fGBP5.00$g0$hA$5Uk
=ACF  \\$aPrevious copyright fee: GBP18.00$c5\6$e01-apr-2004$fGBP18.00$g0$hP$5Uk
=ACF  \\$aCurrent copyright fee: GBP20.00$c5\6$e01-jan-2003$fGBP20.00$g0$hP$5Uk
=ACF  \\$aCurrent copyright fee: GBP15.00$c5\6$e01-jul-2002$fGBP15.00$g0$hP$5Uk
=ACF  \\$aPrevious copyright fee: GBP20.00$c5\1$e01-jan-2009$fGBP20.00$g0$hP$5Uk
=ACF  \\$aPrevious copyright fee: GBP22.00$c35\0$e01-jan-2012$fGBP22.00$g0$hP$5Uk
=ACF  \\$aPrevious copyright fee: GBP24.00$c35\0$e01-mar-2015$fGBP24.00$g0$hP$5Uk
=ACF  \\$aPrevious copyright fee: GBP28.00$c35\0$e01-jan-2019$fGBP28.00$g0$hP$5Uk
=CAT  \\$aCONV$b00$c20040425$lBLL90$h0659
=CAT  \\$aBATCH-UPD$b40$c20081119$lBLL01$h1609
=CAT  \\$aBATCH$b00$c20081124$lBLL01$h1128
=CAT  \\$aBATCH-UPD$b00$c20081231$lBLL01$h2250
=CAT  \\$aBATCH-UPD$b00$c20090101$lBLL01$h0028
=CAT  \\$aBATCH$b00$c20090101$lBLL01$h0203
=CAT  \\$aCDS12-UPD$b40$c20111002$lBLL01$h2317
=CAT  \\$a5552$b40$c20111014$lBLL01$h1136
=CAT  \\$aWR11_155$c20111021$lBLL01$h1327
=CAT  \\$aWR11_155$c20111114$lBLL01$h1646
=CAT  \\$aIPL-CLA$c20111230$lBLL01$h1905
=CAT  \\$aBATCH-CLA$b00$c20121107$lBLL01$h1913
=CAT  \\$aWR13.005$c20130323$lBLL01$h1408
=CAT  \\$aBATCH-UPD$b00$c20141210$lBLL01$h2347
=CAT  \\$aBLDSS-3PM$b00$c20141214$lBLL01$h1520
=CAT  \\$aBATCH-UPD$b00$c20150215$lBLL01$h1653
=CAT  \\$aIPL-CLA$c20150228$lBLL01$h2044
=CAT  \\$aBATCH-UPD$b00$c20160604$lBLL01$h2244
=CAT  \\$aBATCH-UPD$b00$c20180219$lBLL01$h1743
=CAT  \\$aBATCH-UPD$b00$c20181121$lBLL01$h1619
=CAT  \\$aIPL-CLA$c20181231$lBLL01$h1537
=CAT  \\$aR1911-0245$c20191127$lBLL01$h0822
=CAT  \\$aR1911-0245$c20191127$lBLL01$h1044
=CAT  \\$aIPL-CLA$c20191231$lBLL01$h1839
=CAT  \\$aBATCH-CLA$b00$c20211222$lBLL01$h1548
=CAT  \\$aIPL-CLA$c20211231$lBLL01$h1539
=CFI  0\$aCurrent copyright fee: GBP39.00$c35\0$e01-jan-2022$fGBP39.00$g0$hP$5Uk
=CFI  2\$aPrevious Copyright Fee: GBP32.00$c35\0$e01-jan-2020$fGBP32.00$g0$hP$5Uk
=EST  \\$a2
=FFP  \\$aY$bBLDSS-3PM
=FIN  \\$aY
=FMT  \\$a  SE
=LAS  \\$aIPL-CLA$b00$c20211231$lBLL01$h1539
=LEO  \\$aMP10.0000099884
=LEO  \\$aMP25.0000024448
=LKR  \\$aPAR$b011101479$lBLL01$r78000$mBiology of the cell$nBiologie cellulaire
=SID  \\$aZ39$bOCLC
=SRC  \\$aDSS01$bbibmp10.200404.2.aa
=SRC  \\$aSRI01$bbibmp25.200404.2.aa
=TCO  \\$aFRA$bCFC$c008
=TOC  \\$aETOC
=UNO  \\$aY

