=LDR  05573cas a2201417 a 4500
=001  011101587
=003  Uk
=005  20211231153948.0
=007  ta
=008  800219c19809999ne\sx\p\\\\\\\0\\\a0eng\\
=010  \\$a84641712$zsn 81003251
=015  \\$aGB8021933$2bnb
=016  7\$a8100316$2DNLM
=016  7\$aB17990000$2DNLM
=019  y\$aB8021933
=019  9\$ab8021933
=019  0\$as502998008
=019  c\$a2035504
=022  0\$a0142-9612
=030  \\$aBIMADU
=032  \\$a528610$bUSPS
=040  \\$aUk$cUk$dUk
=041  0\$aeng$beng
=042  \\$aukblsr
=050  00$aR857.M3$bB568
=060  00$aW1$bBI852RJ
=070  0\$aR857.M3B48
=072  \0$aX300
=072  \0$aX380
=082  04$a610.28$221
=084  \\$aH 65$2blsrissc
=210  0\$aBiomaterials
=222  \0$aBiomaterials
=245  00$aBiomaterials.
=260  \\$aGuildford :$bIPC Science and Technology Press,$cc1980-
=264  31$aAmsterdam :$bElsevier
=300  \\$av. :$bill. ;$c30 cm.
=310  \\$aTwenty eight times per year,$b<2003-
=321  \\$aSemimonthly,$b<1996-2002>
=321  \\$aQuarterly,$b1980-
=336  \\$atext$2rdacontent
=337  \\$aunmediated$2rdamedia
=338  \\$avolume$2rdacarrier
=362  0\$aVol. 1, no. 1 (Jan. 1980)-
=500  \\$aTitle from cover.
=500  \\$aImprint varies: Oxford: Elsevier, <1996->.
=510  2\$aChemical abstracts,$x0009-2258
=530  \\$aAvailable also by subscription via the World Wide Web.
=540  \\$aCurrent copyright fee: GBP34.30$c5\1$5Uk
=588  \\$aLatest issue consulted: volume 34, issue 23 (July 2013).
=595  \\$aABSORBS 3286.299.
=650  \0$aBiomedical engineering$vPeriodicals.
=650  \0$aBiomedical materials$vPeriodicals.
=650  \2$aBiocompatible Materials$vPeriodicals.
=650  \6$aBiomatériaux$vPériodiques.
=653  \\$aBioengineering materials$aPeriodicals
=776  08$iAlso issued online as:$tBiomaterials$x1878-5905
=780  05$tClinical materials$x0267-6605
=852  41$aBritish Library$bHMNTS$jDZK.9.x.139$3Vol. 22, no. 1 (2001)-v. 48 (2015)***Title now taken as electronic only
=852  71$aBritish Library$bSTI$k(P)$hH 65$m-E(2)$2blsrissc$3Vol. 1 (1980)-v. 21, no. 24 (2000)
=852  41$aBritish Library$bDSC$j2087.715000$3Vol. 1, issue 1 (1980)-v. 32, issue 2 (2011)***UKRR Retained Title
=856  \\$31850-9999$uhttp://www.elsevier.com/journals$xBLDSS
=856  41$uhttp://www.sciencedirect.com/science/journal/01429612
=945  \\$aBiomaterials -Guildford-.
=959  \\$fHeld but not currently received
=963  \\$aVOL. 1, 1980- *A=1$bN$cP300.B.315
=985  \\$aISSN responsibility transferred to ISSN Netherlands Centre. Change made globally by ISSN International Centre in connection with Elsevier serials - Jan. 2009.
=985  \\$aRecord merged by DQ team
=ACF  \\$aPrevious copyright fee: GBP19.00$c5\5$e01-jan-2008$fGBP19.00$g0$hP$5Uk
=ACF  \\$aPrevious copyright fee: GBP18.00$c5\5$e01-apr-2004$fGBP18.00$g0$hP$5Uk
=ACF  \\$aCurrent copyright fee: GBP20.00$c5\5$e01-jan-2003$fGBP20.00$g0$hP$5Uk
=ACF  \\$aCurrent copyright fee: GBP15.00$c5\5$e01-jul-2002$fGBP15.00$g0$hP$5Uk
=ACF  \\$aPrevious copyright fee: GBP20.00$c5\1$e01-jan-2009$fGBP20.00$g0$hP$5Uk
=ACF  \\$aPrevious copyright fee: GBP21.00$c5\1$e01-jan-2012$fGBP21.00$g0$hP$5Uk
=ACF  \\$aPrevious copyright fee: GBP22.50$c5\1$e01-jan-2013$fGBP22.50$g0$hP$5Uk
=ACF  \\$aPrevious copyright fee: GBP23.40$c5\1$e01-jan-2018$fGBP23.40$g0$hP$5Uk
=CAT  \\$aCONV$b00$c20040425$lBLL90$h0659
=CAT  \\$aBATCH-UPD$b40$c20101220$lBLL01$h1345
=CAT  \\$aWR11_155$c20111021$lBLL01$h1325
=CAT  \\$aWR11_155$c20111114$lBLL01$h1646
=CAT  \\$aBATCH-UPD$b00$c20111123$lBLL01$h1851
=CAT  \\$aIPL-CLA$c20111230$lBLL01$h1905
=CAT  \\$aBATCH-CLA$b00$c20121107$lBLL01$h1913
=CAT  \\$aBATCH-UPD$b00$c20121121$lBLL01$h1654
=CAT  \\$aWR12_168$c20121206$lBLL01$h1835
=CAT  \\$aIPL-CLA$c20121231$lBLL01$h1300
=CAT  \\$aIPL-CLA$c20130102$lBLL01$h1712
=CAT  \\$a8874$b40$c20130215$lBLL01$h0807
=CAT  \\$aWR13.005$c20130323$lBLL01$h1408
=CAT  \\$a8124$b40$c20130619$lBLL01$h1131
=CAT  \\$a6537$b40$c20140227$lBLL01$h1524
=CAT  \\$aWR14_140$c20140905$lBLL01$h1747
=CAT  \\$aBLDSS-3PM$b00$c20141222$lBLL01$h1711
=CAT  \\$a11316$b40$c20150507$lBLL01$h1101
=CAT  \\$aBATCH-UPD$b40$c20160413$lBLL01$h1811
=CAT  \\$aBATCH-UPD$b40$c20160604$lBLL01$h2245
=CAT  \\$aBATCH-UPD$b40$c20171121$lBLL01$h1741
=CAT  \\$aIPL-CLA$c20171231$lBLL01$h1529
=CAT  \\$aBATCH-UPD$b00$c20190521$lBLL01$h1433
=CAT  \\$aIPL-CLA$c20190630$lBLL01$h1529
=CAT  \\$aBATCH-UPD$b00$c20211119$lBLL01$h1551
=CAT  \\$aIPL-CLA$c20211231$lBLL01$h1539
=CFI  0\$aCurrent copyright fee: GBP34.30$c5\1$e01-jan-2022$fGBP34.30$g0$hP$5Uk
=CFI  2\$aPrevious copyright fee: GBP32.84$c5\1$e01-jul-2019$fGBP32.84$g0$hP$5Uk
=EST  \\$a2
=FFP  \\$aY$bBLDSS-3PM
=FIN  \\$aY
=FMT  \\$a  SE
=LAS  \\$aIPL-CLA$b00$c20211231$lBLL01$h1539
=LEO  \\$aMP5.0000507096
=LEO  \\$aMP10.0000099956
=LEO  \\$aMP22.0000006059
=LEO  \\$aMP25.0000193490
=LKR  \\$aPAR$b007063880$lBLL01$r78005$mBiomaterials$nClinical materials
=SID  \\$aZ39$bOCLC
=SRC  \\$aBNB03$bbibmp5.200404.2.aa
=SRC  \\$aDSS01$bbibmp10.200404.2.aa
=SRC  \\$aISN01$bbibmp22.200404.2.aa
=SRC  \\$aSRI01$bbibmp25.200404.2.aa
=TCO  \\$aCLA$bCLA$c008
=TOC  \\$aETOC

