=LDR  06247cas a2201357 a 4500
=001  009225876
=003  Uk
=005  20221231143648.0
=007  ta
=008  760915c19589999gw\bx\p\\\\\\\0\\\a0mul\\
=010  \\$a65089443
=019  c\$a2149446
=019  0\$as102566003
=022  0\$a0035-4511
=030  \\$aRHEAAK
=040  \\$aUk$cUk$dUk
=041  0\$aeng$afre$ager
=042  \\$ansdp$alc
=050  00$aQC189$b.R45
=082  04$a531.1134$221
=084  \\$aSD 20$2blsrissc
=210  0\$aRheol. acta
=222  \0$aRheologica acta
=245  00$aRheologica acta.
=260  \\$aDarmstadt :$bSteinkopff,$c1958-
=300  \\$av. :$bill. ;$c27 cm.
=310  \\$aSix no. a year,$b<1987- >
=321  \\$aIrregular
=336  \\$atext$2rdacontent
=337  \\$aunmediated$2rdamedia
=338  \\$avolume$2rdacarrier
=362  0\$aBd. 1 (Mai 1958)-
=500  \\$aAt head of title, Bd. 1, Nr. 2/3-4/6: Vorträge des III. Internationalen Rheologie-Kongresses zur Bad Oeyhausen vom 23.-30. September 1958.
=510  2\$aChemical abstracts,$x0009-2258
=540  \\$aCurrent copyright fee: GBP29.95$c22\1$5Uk
=546  \\$aText and summaries in English, French, or German.
=580  \\$aPublished as a supplemetary journal to Kolloid-Zeitschrift; and its successors: Kolloid-Zeitschrift und Zeitschrift für Polymere; and later: Colloid and polymer science.
=595  \\$aSEE ALSO SERIAL RECORDS KCC/MAN.
=650  \0$aRheology$vPeriodicals.
=772  0\$tKolloid-Zeitschrift$g1958-61
=772  0\$tKolloid-Zeitschrift & Zeitschrift für Polymere$g1962-73$x0023-2904
=772  0\$tColloid and polymer science$g1974-$x0303-402X
=776  0\$aRheologica acta (Online)$x1435-1528
=852  41$aBritish Library$bDSC$j7960.300000$3Vol. 1, no. 1 (1958)-v. 49, no. 11/12 (2010)***UKRR Retained Title***Stock Incomplete
=852  71$aBritish Library$bSTI$k(P)$hSD 20$m-E(7)$2blsrissc$3Bd. 1 (1958)-v. 49, no. 11/12 (2010)***UKRR Retained Title
=856  \\$31850-9999$uhttp://www.springer.com/gb/$xBLDSS
=856  41$uhttp://www.springerlink.com/openurl.asp?genre=journal&issn=0035-4511
=945  \\$aRheologica acta.
=959  \\$fHeld but not currently received
=963  \\$aCA/U-2 VOL. 1, 1958- 12, 1973 *A=1; 31, 1992- *A=1$bY
=964  \\$aBD. 1, 1958- VOL. 24, 1985 *A=1$c532$dQ$eJZ1391
=985  \\$aRecord merged by DQ team
=985  \\$aUpgraded by BSS-generated file for WR2011-1473
=ACF  \\$aPrevious copyright fee: GBP16.67$c22\3$e01-jan-2006$fGBP16.67$g0$hP$5Uk
=ACF  \\$aPrevious copyright fee: GBP16.22$c22\3$e01-apr-2005$fGBP16.22$g0$hP$5Uk
=ACF  \\$aPrevious copyright fee: GBP16.67$c22\3$e01-jan-2005$fGBP16.67$g0$hP$5Uk
=ACF  \\$aPrevious copyright fee: GBP18.92$c22\3$e01-apr-2004$fGBP18.92$g0$hP$5Uk
=ACF  \\$aCurrent copyright fee: GBP20.58$c22\3$e01-jan-2004$fGBP20.58$g0$hP$5Uk
=ACF  \\$aCurrent copyright fee: GBP20.00$c22\3$e01-jan-2003$fGBP20.00$g0$hP$5Uk
=ACF  \\$aPrevious copyright fee: GBP17.14$c22\3$e01-apr-2006$fGBP17.14$g0$hP$5Uk
=ACF  \\$aPrevious copyright fee: GBP22.00$c22\3$e12-aug-2012$fGBP22.00$g0$hP$5Uk
=ACF  \\$aPrevious copyright fee: GBP25.00$c22\3$e01-jan-2013$fGBP25.00$g0$hP$5Uk
=ACF  \\$aPrevious copyright fee: GBP25.77$c22\3$e01-jul-2013$fGBP25.77$g0$hP$5Uk
=ACF  \\$aPrevious copyright fee: GBP24.97$c22\3$e01-jan-2014$fGBP24.97$g0$hP$5Uk
=ACF  \\$aPrevious copyright fee: GBP24.21$c22\3$e01-jul-2014$fGBP24.21$g0$hP$5Uk
=ACF  \\$aPrevious copyright fee: GBP25.77$c22\3$e01-apr-2015$fGBP25.77$g0$hP$5Uk
=ACF  \\$aPrevious copyright fee: GBP26.63$c22\3$e01-jul-2015$fGBP26.63$g0$hP$5Uk
=ACF  \\$aPrevious copyright fee: GBP25.77$c22\3$e01-oct-2015$fGBP25.77$g0$hP$5Uk
=ACF  \\$aPrevious copyright fee: GBP27.55$c22\3$e01-apr-2016$fGBP27.55$g0$hP$5Uk
=ACF  \\$aPrevious copyright fee: GBP29.59$c22\3$e01-oct-2016$fGBP29.59$g0$hP$5Uk
=ACF  \\$aPrevious copyright fee: GBP31.96$c22\3$e01-apr-2017$fGBP31.96$g0$hP$5Uk
=ACF  \\$aPrevious copyright fee: GBP30.73$c22\3$e01-oct-2017$fGBP30.73$g0$hP$5Uk
=ACF  \\$aPrevious copyright fee: GBP28.54$c22\3$e01-apr-2018$fGBP28.54$g0$hP$5Uk
=CAT  \\$aCONV$b00$c20040425$lBLL90$h0710
=CAT  \\$a8874$b40$c20150108$lBLL01$h1116
=CAT  \\$aBATCH-UPD$b40$c20150219$lBLL01$h1741
=CAT  \\$aIPL-CLA$c20150331$lBLL01$h1621
=CAT  \\$aBATCH-UPD$b00$c20150520$lBLL01$h1749
=CAT  \\$aIPL-CLA$c20150630$lBLL01$h1635
=CAT  \\$aBATCH-UPD$b00$c20150820$lBLL01$h1836
=CAT  \\$aIPL-CLA$c20150930$lBLL01$h1748
=CAT  \\$aBATCH-UPD$b00$c20160217$lBLL01$h1726
=CAT  \\$aIPL-CLA$c20160331$lBLL01$h1706
=CAT  \\$aBATCH-UPD$b00$c20160413$lBLL01$h1806
=CAT  \\$aBATCH-UPD$b00$c20160524$lBLL01$h2207
=CAT  \\$aBATCH-UPD$b00$c20160524$lBLL01$h2355
=CAT  \\$aBATCH-UPD$b00$c20160824$lBLL01$h1754
=CAT  \\$aIPL-CLA$c20160930$lBLL01$h1548
=CAT  \\$aBATCH-UPD$b00$c20170216$lBLL01$h1842
=CAT  \\$aIPL-CLA$c20170331$lBLL01$h1831
=CAT  \\$aBATCH-UPD$b00$c20170904$lBLL01$h1850
=CAT  \\$aIPL-CLA$c20170929$lBLL01$h1714
=CAT  \\$aBATCH-UPD$b00$c20180223$lBLL01$h1717
=CAT  \\$aIPL-CLA$c20180331$lBLL01$h1602
=CAT  \\$aBATCH-UPD$b00$c20180524$lBLL01$h1713
=CAT  \\$aIPL-CLA$c20180630$lBLL01$h1909
=CAT  \\$aW2011-1473$b00$c20201124$lBLL01$h1834
=CAT  \\$aBATCH-UPD$b00$c20221121$lBLL01$h1357
=CAT  \\$aIPL-CLA$c20221231$lBLL01$h1436
=CFI  0\$aCurrent copyright fee: GBP29.95$c22\1$e01-jan-2023$fGBP29.95$g0$hP$5Uk
=CFI  2\$aPrevious copyright fee: GBP34.00$c22\1$e01-jul-2018$fGBP34.00$g0$hP$5Uk
=EST  \\$a2
=FFP  \\$aY$bBLDSS-3PM
=FIN  \\$aY
=FMT  \\$a  SE
=LAS  \\$aIPL-CLA$b00$c20221231$lBLL01$h1436
=LEO  \\$aMP10.0000511853
=LEO  \\$aMP25.0000018630
=LKR  \\$aPAR$b011115414$lBLL01$r772$mRheologica acta$nKolloid-Zeitschrift und Zeitschrift für Polymere
=LKR  \\$aPAR$b012399163$lBLL01$r772$mRheologica acta$nColloid and polymer science
=SID  \\$aZ39$bOCLC
=SRC  \\$aDSS01$bbibmp10.200404.2.aa
=SRC  \\$aSRI01$bbibmp25.200404.2.aa
=TCO  \\$aDEU$bVG WORT$c008
=TOC  \\$aETOC
=UNO  \\$aY

