=LDR  05051cas a2201273 i 4500
=001  011094171
=003  Uk
=005  20211231153944.0
=007  ta
=008  770119c19769999ne\mr\p\\\\\\\0\\\a0eng\\
=010  \\$a77643118
=016  7\$a7703854$2DNLM
=016  7\$aB02680000$2DNLM
=019  0\$as279869002
=019  c\$a2032236
=019  c\$a2086219
=022  0\$a0376-6357
=030  \\$aBPRODA
=032  \\$a010631$bUSPS
=037  \\$bP.O. Box 211
=040  \\$aUk$cUk$dUk
=041  0\$aeng$bfre$bger
=042  \\$ansdp$alc
=050  00$aQL750$b.B56
=060  00$aW1$bBE135F
=070  \\$aQL750.B4
=082  04$a591.5$221
=084  \\$aFE 00$2blsrissc
=210  0\$aBehav. processes
=222  \0$aBehavioural processes
=245  00$aBehavioural processes.
=260  \\$aAmsterdam :$bElsevier Scientific Pub. Co.,$c1976-
=300  \\$av. :$bill. ;$c25 cm.
=310  \\$aMonthly
=321  \\$aQuarterly
=336  \\$atext$2rdacontent
=337  \\$aunmediated$2rdamedia
=338  \\$avolume$2rdacarrier
=362  0\$aVol. 1 (July 1976)-
=500  \\$a"An international journal of comparative and physiological ethology."
=510  2\$aChemical abstracts$x0009-2258$b1976-1982
=530  \\$aAvailable also by subscription via the World Wide Web through ScienceDirect.
=540  \\$aCurrent copyright fee: GBP34.30$c5\1$5Uk
=546  \\$aArticles in English; summaries in English, French, or German.
=595  \\$aABSORBS 1876.652.
=650  \0$aAnimal behavior$vPeriodicals.
=650  \0$aPsychophysiology$vPeriodicals.
=650  \2$aEthology$vPeriodicals.
=776  1\$tBehavioural processes (Online)
=780  05$tBehaviour analysis letters$x0166-4794
=852  41$aBritish Library$bDSC$j1877.700000$3Vol. 1, no. 1 (1976)-v. 82, no. 3 (2009)***UKRR Retained Title***Stock Incomplete
=852  71$aBritish Library$bSTI$k(P)$hFE 00$m-E(18)$2blsrissc$3Vol. 1 (1976)-v. 52, no. 2/3 (2000)***UKRR Retained Title
=856  \\$31850-9999$uhttp://www.elsevier.com/journals$xBLDSS
=856  41$3Current year$uhttp://www.sciencedirect.com/web-editions/journal/03766357
=945  \\$aBEHAVIOURAL PROCESSES.
=959  \\$fHeld but not currently received
=963  \\$aCA/M-3 VOL. 9, 1984- 33(2), 1994 *A=1$bN
=985  \\$aRecord merged by DQ team
=985  \\$aUpgraded by BSS-generated file for WR2011-1473
=ACF  \\$aPrevious copyright fee: GBP19.00$c5\1$e01-jan-2008$fGBP19.00$g0$hP$5Uk
=ACF  \\$aPrevious copyright fee: GBP18.00$c5\1$e01-apr-2004$fGBP18.00$g0$hP$5Uk
=ACF  \\$aCurrent copyright fee: GBP20.00$c5\1$e01-jan-2003$fGBP20.00$g0$hP$5Uk
=ACF  \\$aCurrent copyright fee: GBP15.00$c5\1$e01-jul-2002$fGBP15.00$g0$hP$5Uk
=ACF  \\$aPrevious copyright fee: GBP20.00$c5\1$e01-jan-2009$fGBP20.00$g0$hP$5Uk
=ACF  \\$aPrevious copyright fee: GBP21.00$c5\1$e01-jan-2012$fGBP21.00$g0$hP$5Uk
=ACF  \\$aPrevious copyright fee: GBP22.50$c5\1$e01-jan-2013$fGBP22.50$g0$hP$5Uk
=ACF  \\$aPrevious copyright fee: GBP23.40$c5\1$e01-jan-2018$fGBP23.40$g0$hP$5Uk
=CAT  \\$aCONV$b00$c20040425$lBLL90$h0659
=CAT  \\$aBATCH-UPD$b40$c20071231$lBLL01$h2131
=CAT  \\$aBATCH$b00$c20071231$lBLL01$h2236
=CAT  \\$aBATCH-UPD$b00$c20081119$lBLL01$h1559
=CAT  \\$aBATCH-UPD$b00$c20081231$lBLL01$h2250
=CAT  \\$aBATCH-UPD$b00$c20090101$lBLL01$h0028
=CAT  \\$aBATCH$b00$c20090101$lBLL01$h0203
=CAT  \\$aCDS-UPD$b40$c20091208$lBLL01$h2212
=CAT  \\$aCDS-UPD$b40$c20091208$lBLL01$h2233
=CAT  \\$aBATCH-UPD$b40$c20111123$lBLL01$h1851
=CAT  \\$aIPL-CLA$c20111230$lBLL01$h1901
=CAT  \\$aBATCH-CLA$b00$c20121107$lBLL01$h1914
=CAT  \\$aBATCH-UPD$b00$c20121121$lBLL01$h1654
=CAT  \\$aIPL-CLA$c20121231$lBLL01$h1300
=CAT  \\$aIPL-CLA$c20130102$lBLL01$h1711
=CAT  \\$aWR13.005$c20130323$lBLL01$h1404
=CAT  \\$aBLDSS-3PM$b00$c20141222$lBLL01$h1711
=CAT  \\$aBATCH-UPD$b00$c20160413$lBLL01$h1811
=CAT  \\$aBATCH-UPD$b00$c20160604$lBLL01$h2244
=CAT  \\$aBATCH-UPD$b00$c20171121$lBLL01$h1741
=CAT  \\$aIPL-CLA$c20171231$lBLL01$h1527
=CAT  \\$aBATCH-UPD$b00$c20190521$lBLL01$h1433
=CAT  \\$aIPL-CLA$c20190630$lBLL01$h1529
=CAT  \\$aW2011-1473$b00$c20201124$lBLL01$h1845
=CAT  \\$aBATCH-UPD$b00$c20211119$lBLL01$h1551
=CAT  \\$aIPL-CLA$c20211231$lBLL01$h1539
=CFI  0\$aCurrent copyright fee: GBP34.30$c5\1$e01-jan-2022$fGBP34.30$g0$hP$5Uk
=CFI  2\$aPrevious copyright fee: GBP32.84$c5\1$e01-jul-2019$fGBP32.84$g0$hP$5Uk
=EST  \\$a2
=FFP  \\$aY$bBLDSS-3PM
=FIN  \\$aY
=FMT  \\$a  SE
=LAS  \\$aIPL-CLA$b00$c20211231$lBLL01$h1539
=LEO  \\$aMP10.0000090496
=LEO  \\$aMP10.0000295191
=LEO  \\$aMP25.0000117836
=LKR  \\$aPAR$b011094111$lBLL01$r78005$mBehavioural processes$nBehaviour analysis letters
=SID  \\$aZ39$bOCLC
=SRC  \\$aDSS01$bbibmp10.200404.2.aa
=SRC  \\$aSRI01$bbibmp25.200404.2.aa
=TCO  \\$aNLD$bSTICHTING REPRORECHT$c008
=TOC  \\$aETOC

