=LDR  05248cas a2201201 a 4500
=001  007157823
=003  Uk
=005  20211231153455.0
=007  ta
=008  901010c19909999ne\br\p\\\\\\\0\\\a0eng\\
=010  \\$a90649324$zsn 89003865
=015  \\$aGB9047730$2bnb
=019  y\$ab9047730
=019  9\$ab9047730
=019  1\$ab9047730
=019  c\$a2410038
=022  0\$a1045-2354
=039  0\$a2110
=040  \\$aUk$beng$cUk$dUk
=042  \\$aukblsr
=050  00$aHF5635
=082  04$a657$220
=210  0\$aCrit. perspect. account.$b(Print)
=222  \0$aCritical perspectives on accounting$b(Print)
=245  00$aCritical perspectives on accounting.
=260  \\$aLondon ;$aSan Diego :$bAcademic Press,$c1990-
=264  31$aAmsterdam, the Netherlands :$bElsevier
=300  \\$av. ;$c25 cm.
=310  \\$aEight times a year,$b2003-
=321  \\$aBimonthly,$b1995-2002
=321  \\$aQuarterly,$b1990-1994
=336  \\$atext$2rdacontent
=337  \\$aunmediated$2rdamedia
=338  \\$avolume$2rdacarrier
=362  0\$aVol. 1, no. 1 (Mar. 1990)-
=500  \\$aTitle from cover.
=530  \\$aAlso available on World Wide Web.
=540  \\$aCurrent copyright fee: GBP34.30$c5\1$5Uk
=588  \\$aLatest issue consulted: volume 25, issues 4-5 (July 2014).
=595  \\$aSEE ALSO SERIAL RECORDS INSEAD.
=650  \0$aAccounting$xSocial aspects$vPeriodicals.
=650  \0$aAccountants$xProfessional ethics$vPeriodicals.
=653  \\$aAccounting$aSerials
=690  7\$aManagement and Business Studies$2blcoll
=776  08$iAlso issued online as:$tCritical perspectives on accounting$x1095-9955
=852  41$aBritish Library$bHMNTS$jZC.9.a.2443$3Vol.1, no.1 (Mar.1990)- vol. 26, issue 1(2015)***Title now taken as electronic copy
=852  41$aBritish Library$bDSC$j3487.457100$3Vol. 1, issue 1 (1990)-v. 20, issue 8 (2009)***UKRR Retained Title
=856  \\$31850-9999$uhttp://www.elsevier.com/journals$xBLDSS
=856  7\$uhttp://firstsearch.oclc.org$zAddress for accessing the journal using authorization number and password through OCLC FirstSearch Electronic Collections Online. Subscription to online journal required for access to abstracts and full text$2http
=856  7\$uhttp://firstsearch.oclc.org/journal=1045-2354;screen=info;ECOIP$zAddress for accessing the journal from an authorized IP address through OCLC FirstSearch Electronic Collections Online. Subscription to online journal required for access to abstracts and full text$2http
=945  \\$aCRITICAL PERSPECTIVES ON ACCOUNTING.
=959  \\$fHeld but not currently received
=963  \\$aVOL. 1, 1990- *A=1$bN$cL425.C.1241
=985  \\$aRecord merged by DQ team
=ACF  \\$aPrevious copyright fee: GBP19.00$c5\9$e01-jan-2008$fGBP19.00$g0$hP$5Uk
=ACF  \\$aPrevious copyright fee: GBP18.00$c5\9$e01-apr-2004$fGBP18.00$g0$hP$5Uk
=ACF  \\$aCurrent copyright fee: GBP20.00$c5\9$e01-jan-2003$fGBP20.00$g0$hP$5Uk
=ACF  \\$aCurrent copyright fee: GBP22.50$c0$e01-jul-2002$fGBP22.50$g0$hC$5Uk
=ACF  \\$aPrevious copyright fee: GBP20.00$c5\1$e01-jan-2009$fGBP20.00$g0$hP$5Uk
=ACF  \\$aPrevious copyright fee: GBP21.00$c5\1$e01-jan-2012$fGBP21.00$g0$hP$5Uk
=ACF  \\$aPrevious copyright fee: GBP22.50$c5\1$e01-jan-2013$fGBP22.50$g0$hP$5Uk
=ACF  \\$aPrevious copyright fee: GBP23.40$c5\1$e01-jan-2018$fGBP23.40$g0$hP$5Uk
=CAT  \\$aCONV$b00$c20040425$lBLL90$h0701
=CAT  \\$aBATCH$b00$c20090101$lBLL01$h0118
=CAT  \\$aBATCH$b00$c20090517$lBLL01$h1817
=CAT  \\$aCDS-UPD$b40$c20091208$lBLL01$h2208
=CAT  \\$aCDS-UPD$b40$c20091208$lBLL01$h2232
=CAT  \\$aWR11_155$c20111021$lBLL01$h1330
=CAT  \\$aWR11_155$c20111114$lBLL01$h1647
=CAT  \\$aBATCH-UPD$b00$c20111123$lBLL01$h1849
=CAT  \\$aIPL-CLA$c20111230$lBLL01$h1645
=CAT  \\$aBATCH-CLA$b00$c20121103$lBLL01$h1033
=CAT  \\$aBATCH-UPD$b00$c20121121$lBLL01$h1652
=CAT  \\$aIPL-CLA$c20121231$lBLL01$h1241
=CAT  \\$aIPL-CLA$c20130102$lBLL01$h1641
=CAT  \\$aWR13.005$c20130323$lBLL01$h1238
=CAT  \\$aWR14_140$c20140905$lBLL01$h1713
=CAT  \\$a11205$b40$c20141028$lBLL01$h1547
=CAT  \\$aBLDSS-3PM$b00$c20141222$lBLL01$h1708
=CAT  \\$a5110$b40$c20150415$lBLL01$h1416
=CAT  \\$aBATCH-UPD$b40$c20160413$lBLL01$h1800
=CAT  \\$aBATCH-UPD$b40$c20170304$lBLL01$h1019
=CAT  \\$aBATCH-UPD$b40$c20171121$lBLL01$h1736
=CAT  \\$aIPL-CLA$c20171231$lBLL01$h1331
=CAT  \\$aBATCH-UPD$b00$c20190521$lBLL01$h1429
=CAT  \\$aIPL-CLA$c20190630$lBLL01$h1524
=CAT  \\$aBATCH-UPD$b00$c20211119$lBLL01$h1548
=CAT  \\$aIPL-CLA$c20211231$lBLL01$h1534
=CFI  0\$aCurrent copyright fee: GBP34.30$c5\1$e01-jan-2022$fGBP34.30$g0$hP$5Uk
=CFI  2\$aPrevious copyright fee: GBP32.84$c5\1$e01-jul-2019$fGBP32.84$g0$hP$5Uk
=EST  \\$a2
=FFP  \\$aY$bBLDSS-3PM
=FIN  \\$aY
=FMT  \\$a  SE
=LAS  \\$aIPL-CLA$b00$c20211231$lBLL01$h1534
=LEO  \\$aMP5.0000786816
=LEO  \\$aMP10.0000173188
=LEO  \\$aMP13.0000305653
=SRC  \\$aBNB03$bbibmp5.200404.2.ab
=SRC  \\$aDSS01$bbibmp10.200404.2.aa
=SRC  \\$aHSS01$bbibmp13.200404.2.aa
=TCO  \\$aCLA$bCLA$c008
=TOC  \\$aETOC

