=LDR  04763 as a2201105 a 4500
=001  012409208
=003  Uk
=005  20191231191732.0
=007  ta
=008  930714c19939999enkqr\p\\\\\\\0\\\a0eng\\
=015  \\$aGB9329944$2bnb
=019  y\$ab9329944
=019  9\$ab9329944
=019  1\$ab9329944
=019  c\$a2470732
=022  0\$a0964-8410
=039  0\$a2242
=040  \\$aUk$cUk$dUk
=082  04$a342.666$220
=210  0\$aCorp. gov.$b(Print)
=222  \0$aCorporate governance$b(Print)
=245  00$aCorporate governance :$ban international review.
=260  \\$aOxford :$bBlackwell,$c1993-
=300  \\$av. ;$c28cm.
=310  \\$aQuarterly
=336  \\$atext$2rdacontent
=337  \\$aunmediated$2rdamedia
=338  \\$avolume$2rdacarrier
=362  0\$aVol.1, no.1 (Jan. 1993)-
=530  \\$aAlso available online.
=540  \\$aCurrent Copyright Fee: GBP39.00$c35\0$5Uk
=650  \0$aCorporate governance$vPeriodicals.
=653  1\$aBusiness$aLaw
=776  0\$tCorporate governance (Online)$x1467-8683
=852  41$aBritish Library$bDSC$j3472.066100$3Vol. 1, no. 1 (1993)-v. 17, no. 6 (2009)***UKRR Retained Title
=852  41$aBritish Library$bHMNTS$jZC.9.b.5309$3Vol. 1, no. 1 (Jan. 1993)-v. 21, no. 3 (2013)***title now taken as electronic copy only
=856  \\$31850-9999$uhttp://onlinelibrary.wiley.com/$xBLDSS
=856  41$uhttp://www.ingenta.com/journals/browse/bpl/corg
=856  7\$uhttp://firstsearch.oclc.org$zAddress for accessing the journal using authorization number and password through OCLC FirstSearch Electronic Collections Online. Subscription to online journal required for access to abstracts and full text$2http
=856  7\$uhttp://firstsearch.oclc.org/journal=0964-8410;screen=info;ECOIP$zAddress for accessing the journal from an authorized IP address through OCLC FirstSearch Electronic Collections Online. Subscription to online journal required for access to abstracts and full text$2http
=945  \\$aCORPORATE GOVERNANCE -OXFORD-.
=959  \\$fHeld but not currently received
=963  \\$aVOL. 1, 1993- *A=1$bY$cL222.B.2447
=985  \\$aISSN responsibility transferred to US ISSN Center from ISSN UK Centre, Wiley, Multinational Publisher List, Summer 2017.
=985  \\$aRecord merged by DQ team
=ACF  \\$aCurrent copyright fee: GBP13.00$c10\0$e01-apr-2003$fGBP13.00$g0$hP$5Uk
=ACF  \\$aCurrent copyright fee: GBP13.00$c10\6$e01-apr-2002$fGBP13.00$g0$hP$5Uk
=ACF  \\$aPrevious copyright fee: GBP15.00$c10\0$e01-apr-2004$fGBP15.00$g0$hP$5Uk
=ACF  \\$aPrevious copyright fee: GBP22.00$c10\0$e01-jan-2006$fGBP22.00$g0$hP$5Uk
=ACF  \\$aPrevious copyright fee: GBP24.00$c10\0$e01-mar-2015$fGBP24.00$g0$hP$5Uk
=ACF  \\$aPrevious copyright fee: GBP24.00$c35\0$e07-mar-2017$fGBP24.00$g0$hP$5Uk
=CAT  \\$aBATCH-UPD$b40$c20060901$lBLL01$h0951
=CAT  \\$aBATCH-UPD$b40$c20060901$lBLL01$h1026
=CAT  \\$aWR09-126
=CAT  \\$aBATCH-UPD$b40$c20090904$lBLL01$h1727
=CAT  \\$aBATCH$b00$c20091123$lBLL01$h0134
=CAT  \\$aCDS-UPD$b40$c20091208$lBLL01$h2213
=CAT  \\$aCDS-UPD$b40$c20091208$lBLL01$h2234
=CAT  \\$aBATCH-CLA$b00$c20121109$lBLL01$h1737
=CAT  \\$aWR12_168$c20121206$lBLL01$h1814
=CAT  \\$aWR13.005$c20130323$lBLL01$h1459
=CAT  \\$aWR14_140$c20140905$lBLL01$h1759
=CAT  \\$aBLDSS-3PM$b00$c20141214$lBLL01$h1521
=CAT  \\$aBATCH-UPD$b00$c20150215$lBLL01$h1623
=CAT  \\$aIPL-CLA$c20150228$lBLL01$h2046
=CAT  \\$aBATCH-UPD$b00$c20160413$lBLL01$h1816
=CAT  \\$aBATCH-UPD$b00$c20170304$lBLL01$h1118
=CAT  \\$aW1703-0316$c20170306$lBLL01$h1823
=CAT  \\$aW1703-0316$c20170307$lBLL01$h1647
=CAT  \\$aIPL-CLA$c20170307$lBLL01$h1823
=CAT  \\$a11313$b40$c20171130$lBLL01$h1152
=CAT  \\$aBATCH-UPD$b40$c20180219$lBLL01$h1744
=CAT  \\$aBATCH-UPD$b40$c20181121$lBLL01$h1620
=CAT  \\$aIPL-CLA$c20181231$lBLL01$h1539
=CAT  \\$aR1911-0245$c20191127$lBLL01$h0944
=CAT  \\$aR1911-0245$c20191127$lBLL01$h1044
=CAT  \\$aIPL-CLA$c20191231$lBLL01$h1917
=CFI  0\$aCurrent Copyright Fee: GBP39.00$c35\0$e01-jan-2020$fGBP39.00$g0$hP$5Uk
=CFI  2\$aPrevious copyright fee: GBP28.00$c35\0$e01-jan-2019$fGBP28.00$g0$hP$5Uk
=EST  \\$a2
=FFP  \\$aY$bBLDSS-3PM
=FIN  \\$aY
=FMT  \\$a  SE
=LAS  \\$aIPL-CLA$b00$c20191231$lBLL01$h1917
=LEO  \\$aMP5.0000808858
=LEO  \\$aMP10.0000168561
=LEO  \\$aMP13.0000320256
=LEO  \\$aMP22.0000036815
=SRC  \\$aBNB03$bbibmp5.200404.2.ab
=SRC  \\$aDSS01$bbibmp10.200404.2.aa
=SRC  \\$aHSS01$bbibmp13.200404.2.aa
=SRC  \\$aISN01$bbibmp22.200404.2.aa
=TCO  \\$aCLA$bCLA$c008
=TOC  \\$aETOC
=UNO  \\$aY

