=LDR  05361cas a2201225 a 4500
=001  010472274
=003  Uk
=005  20211231153850.0
=006  aa\\\|||||||||||||
=007  ta
=008  950112c19639999at\qr\p\\\\\\\0\\\a0eng\\
=015  \\$aGB9509364$2bnb
=016  7\$a15420200R$2DNLM
=016  7\$aA75900000$2DNLM
=019  y\$ab9509364
=019  9\$ab9509364
=019  1\$ab9509364
=019  c\$a2030708
=022  0\$a0045-0766
=039  0\$a2324
=040  \\$aUk$cUk$dUk
=043  \\$au-at---
=060  00$aW1$bAU515
=082  04$a615.8515$220
=210  0\$aAust. occup. ther. j.$b(Print)
=222  \0$aAustralian occupational therapy journal$b(Print)
=245  00$aAustralian occupational therapy journal.
=246  13$aA.O.T. journal
=260  \\$a[Victoria, etc.] :$bAustralian Association of Occupational Therapists,$c1963-
=260  3\$31994-$aMelbourne ;$aLondon :$bBlackwell Scientific.
=300  \\$av. :$bill. ;$c25-28 cm.
=310  \\$aQuarterly
=336  \\$atext$2rdacontent
=337  \\$aunmediated$2rdamedia
=338  \\$avolume$2rdacarrier
=362  0\$aVol. 10 (Jan./Mar. 1963)-
=530  \\$aAlso issued online.
=540  \\$aCurrent copyright fee: GBP39.00$c35\0$5Uk
=550  \\$aOfficial publication of Australian Association of Occupational Therapists.
=650  \0$aOccupational therapy$vPeriodicals.
=650  \0$aOccupational therapy$zAustralia$vPeriodicals.
=650  \2$aOccupational Therapy$vPeriodicals.
=653  1\$aOccupational therapy
=710  2\$aAustralian Association of Occupational Therapists.
=776  1\$tAustralian occupational therapy journal (Online)$x1440-1630
=780  00$tBulletin of the Australian Association of Occupational Therapists
=852  41$aBritish Library$bDSC$j1815.950000$3Vol. 20, issue 2 (1973)-v. 65, issue 6 (2018)***UKRR Retained Title***Stock Incomplete
=852  41$aBritish Library$bHMNTS$jZK.9.a.3797$3Vol. 41, issue 4 (1994)-v. 60, no. 2 (2013)***title now taken as electronic copy only
=856  \\$31850-9999$uhttp://onlinelibrary.wiley.com/$xBLDSS
=856  41$uhttp://firstsearch.oclc.org$zAddress for accessing the journal using authorization number and password through OCLC FirstSearch Electronic Collections Online. Subscription to online journal required for access to abstracts and full text
=856  41$uhttp://firstsearch.oclc.org/journal=0045-0766;screen=info;ECOIP$zAddress for accessing the journal from an authorized IP address through OCLC FirstSearch Electronic Collections Online. Subscription to online journal required for access to abstracts and full text
=856  41$uhttp://www.blackwell-synergy.com/issuelist.asp?journal=aot
=945  \\$aAUSTRALIAN OCCUPATIONAL THERAPY JOURNAL.
=959  \\$fHeld but not currently received
=985  \\$aRecord merged by DQ team
=ACF  \\$aCurrent copyright fee: GBP13.00$c10\0$e01-apr-2003$fGBP13.00$g0$hP$5Uk
=ACF  \\$aCurrent copyright fee: GBP13.00$c10\3$e01-jan-2002$fGBP13.00$g0$hP$5Uk
=ACF  \\$aPrevious copyright fee: GBP15.00$c10\0$e01-apr-2004$fGBP15.00$g0$hP$5Uk
=ACF  \\$aPrevious copyright fee: GBP22.00$c10\0$e01-jan-2006$fGBP22.00$g0$hP$5Uk
=ACF  \\$aPrevious copyright fee: GBP24.00$c10\0$e01-mar-2015$fGBP24.00$g0$hP$5Uk
=ACF  \\$aPrevious copyright fee: GBP24.00$c35\0$e07-mar-2017$fGBP24.00$g0$hP$5Uk
=ACF  \\$aPrevious copyright fee: GBP28.00$c35\0$e01-jan-2019$fGBP28.00$g0$hP$5Uk
=CAT  \\$aCONV$b00$c20040425$lBLL90$h0659
=CAT  \\$c20051230$lBLL01$h2251
=CAT  \\$aBATCH-UPD$b00$c20060901$lBLL01$h0944
=CAT  \\$aBATCH-UPD$b00$c20060901$lBLL01$h1023
=CAT  \\$aCDS-UPD$b40$c20091208$lBLL01$h2212
=CAT  \\$aCDS-UPD$b40$c20091208$lBLL01$h2233
=CAT  \\$aBATCH-CLA$b00$c20121105$lBLL01$h1745
=CAT  \\$aWR12_168$c20121206$lBLL01$h1812
=CAT  \\$aWR13.005$c20130322$lBLL01$h2002
=CAT  \\$aWR14_140$c20140905$lBLL01$h1742
=CAT  \\$aBLDSS-3PM$b00$c20141214$lBLL01$h1520
=CAT  \\$aBATCH-UPD$b00$c20150215$lBLL01$h1621
=CAT  \\$aIPL-CLA$c20150228$lBLL01$h2044
=CAT  \\$aBATCH-UPD$b00$c20160413$lBLL01$h1809
=CAT  \\$aBATCH-UPD$b00$c20160604$lBLL01$h2238
=CAT  \\$aW1703-0316$c20170306$lBLL01$h1822
=CAT  \\$aW1703-0316$c20170307$lBLL01$h1646
=CAT  \\$aIPL-CLA$c20170307$lBLL01$h1823
=CAT  \\$aBATCH-UPD$b00$c20180219$lBLL01$h1742
=CAT  \\$aBATCH-UPD$b00$c20181121$lBLL01$h1619
=CAT  \\$aIPL-CLA$c20181231$lBLL01$h1536
=CAT  \\$aR1911-0245$c20191127$lBLL01$h0822
=CAT  \\$aR1911-0245$c20191127$lBLL01$h1044
=CAT  \\$aIPL-CLA$c20191231$lBLL01$h1824
=CAT  \\$aBATCH-CLA$b00$c20211222$lBLL01$h1617
=CAT  \\$aIPL-CLA$c20211231$lBLL01$h1538
=CFI  0\$aCurrent copyright fee: GBP39.00$c35\0$e01-jan-2022$fGBP39.00$g0$hP$5Uk
=CFI  2\$aPrevious Copyright Fee: GBP32.00$c35\0$e01-jan-2020$fGBP32.00$g0$hP$5Uk
=EST  \\$a2
=FFP  \\$aY$bBLDSS-3PM
=FIN  \\$aY
=FMT  \\$a  SE
=LAS  \\$aIPL-CLA$b00$c20211231$lBLL01$h1538
=LEO  \\$aMP5.0000825722
=LEO  \\$aMP10.0000084004
=LEO  \\$aMP13.0000331215
=SID  \\$aZ39$bOCLC
=SRC  \\$aBNB03$bbibmp5.200404.2.ab
=SRC  \\$aDSS01$bbibmp10.200404.2.aa
=SRC  \\$aHSS01$bbibmp13.200404.2.aa
=TCO  \\$aAUS$bCAL$c008
=TOC  \\$aETOC
=UNO  \\$aY

