=LDR  04700cas a2201129 a 4500
=001  012391989
=003  Uk
=005  20211231154114.0
=007  ta
=008  000309c20009999fr\bx\p\\\\\\\0\\\a0fre\\
=010  \\$a00243150
=016  7\$a100937750$2DNLM
=019  c\$a2591415
=022  0\$a1297-3203
=030  \\$aCMAIFZ
=037  \\$bEditions Elsevier, 23, rue Linois, 75724 Paris cedex 15, France
=040  \\$aNLM$cNLM$dCAS$dHUL$dMUQ$dCUS$dOCLCQ$dNLM$dRBN$dOCLCQ$dUk
=041  0\$afre$aeng
=042  \\$alcd
=060  00$aW1$bAN327LP
=082  04$a617.575059$222
=210  0\$aChir. main
=222  \0$aChirurgie de la main
=245  00$aChirurgie de la main.
=260  \\$aParis :$bEditions Elsevier,$cc2000-
=300  \\$av. :$bill.
=310  \\$aSeven no. a year,$b2004-
=321  \\$aBimonthly,$b-2003
=336  \\$atext$2rdacontent
=337  \\$aunmediated$2rdamedia
=338  \\$avolume$2rdacarrier
=362  0\$aVol. 19, no 1 (févr. 2000)-
=500  \\$aTitle from cover.
=530  \\$aAlso available to subscribers via the World Wide Web.
=540  \\$aCurrent copyright fee: GBP34.30$c5\1$5Uk
=546  \\$aIn French with some articles in English; summaries and table of contents in both.
=550  \\$aOrgan of: Société française de chirurgie de la main, and: Société suisse de chirurgie de la main.
=595  \\$aFORMERLY 0970.539 UP TO VOL. 18, 1999.
=650  \0$aHand$xSurgery$vPeriodicals.
=710  2\$aSociété française de chirurgie de la main.
=710  2\$aSociété suisse de chirurgie de la main.
=776  1\$tChirurgie de la main (Online)
=780  00$tAnnales de chirurgie de la main et du membre supérieur$x1153-2424
=852  41$aBritish Library$bDSC$j3181.466000$3Vol. 19 (2000)-v. 28, no. 6 (2009)
=856  \\$31850-9999$uhttp://www.elsevier.com/journals$xBLDSS
=856  41$uhttp://www.sciencedirect.com/science/journal/12973203
=945  \\$aCHIRURGIE DE LA MAIN.
=959  \\$fHeld but not currently received
=985  \\$aRecord merged by SUNCAT team
=985  \\$aUpgraded by BSS-generated file for WR2011-1473
=ACF  \\$aPrevious copyright fee: GBP19.00$c5\6$e01-jan-2008$fGBP19.00$g0$hP$5Uk
=ACF  \\$aPrevious copyright fee: GBP18.00$c5\6$e01-apr-2004$fGBP18.00$g0$hP$5Uk
=ACF  \\$aCurrent copyright fee: GBP20.00$c5\6$e01-jan-2003$fGBP20.00$g0$hP$5Uk
=ACF  \\$aCurrent copyright fee: GBP15.00$c5\6$e01-jul-2002$fGBP15.00$g0$hP$5Uk
=ACF  \\$aPrevious copyright fee: GBP20.00$c5\1$e01-jan-2009$fGBP20.00$g0$hP$5Uk
=ACF  \\$aPrevious copyright fee: GBP21.00$c5\1$e01-jan-2012$fGBP21.00$g0$hP$5Uk
=ACF  \\$aPrevious copyright fee: GBP22.50$c5\1$e01-jan-2013$fGBP22.50$g0$hP$5Uk
=ACF  \\$aPrevious copyright fee: GBP23.40$c5\1$e01-jan-2018$fGBP23.40$g0$hP$5Uk
=CAT  \\$aCONV$b00$c20040425$lBLL90$h0701
=CAT  \\$aCDS-UPD$b40$c20091208$lBLL01$h2213
=CAT  \\$aCDS-UPD$b40$c20091208$lBLL01$h2234
=CAT  \\$a8201$b40$c20110309$lBLL01$h1501
=CAT  \\$aWR11_155$c20111021$lBLL01$h1327
=CAT  \\$aWR11_155$c20111114$lBLL01$h1646
=CAT  \\$aBATCH-UPD$b00$c20111123$lBLL01$h1852
=CAT  \\$aIPL-CLA$c20111230$lBLL01$h1958
=CAT  \\$aBATCH-CLA$b00$c20121109$lBLL01$h1740
=CAT  \\$aBATCH-UPD$b00$c20121121$lBLL01$h1655
=CAT  \\$aIPL-CLA$c20121231$lBLL01$h1306
=CAT  \\$aIPL-CLA$c20130102$lBLL01$h1722
=CAT  \\$aWR13.005$c20130323$lBLL01$h1451
=CAT  \\$aBLDSS-3PM$b00$c20141222$lBLL01$h1712
=CAT  \\$aBATCH-UPD$b00$c20151010$lBLL01$h1729
=CAT  \\$aBATCH-UPD$b00$c20160413$lBLL01$h1815
=CAT  \\$aBATCH-UPD$b00$c20160604$lBLL01$h2251
=CAT  \\$aBATCH-UPD$b00$c20160806$lBLL01$h1718
=CAT  \\$aBATCH-UPD$b00$c20171121$lBLL01$h1742
=CAT  \\$aIPL-CLA$c20171231$lBLL01$h1612
=CAT  \\$aBATCH-UPD$b00$c20190521$lBLL01$h1434
=CAT  \\$aIPL-CLA$c20190630$lBLL01$h1531
=CAT  \\$aR2001-1524$c20200127$lBLL01$h1959
=CAT  \\$aW2011-1473$b00$c20201124$lBLL01$h1853
=CAT  \\$aBATCH-UPD$b00$c20211119$lBLL01$h1552
=CAT  \\$aIPL-CLA$c20211231$lBLL01$h1541
=CFI  0\$aCurrent copyright fee: GBP34.30$c5\1$e01-jan-2022$fGBP34.30$g0$hP$5Uk
=CFI  2\$aPrevious copyright fee: GBP32.84$c5\1$e01-jul-2019$fGBP32.84$g0$hP$5Uk
=EST  \\$a2
=FFP  \\$aY$bBLDSS-3PM
=FIN  \\$aY
=FMT  \\$a  SE
=LAS  \\$aIPL-CLA$b00$c20211231$lBLL01$h1541
=LEO  \\$aMP10.0000144394
=LKR  \\$aPAR$b009833036$lBLL01$nAnnales de chirurgie de la main et du membre supérieur$r78000$mChirurgie de la main
=SID  \\$aZ39$bOCLC
=SRC  \\$aDSS01$bbibmp10.200404.2.aa
=TCO  \\$aFRA$bCFC$c008
=TOC  \\$aETOC

