=LDR  05107cas a2201129 a 4500
=001  013271157
=003  Uk
=005  20211231154310.0
=006  m\\\\\\\\d\\\\\\\\
=007  cr\cnu||||||||
=008  030311d19902006nyuqr\pso\\\\\0\\\a0eng\c
=010  \\$a2005213156
=016  7\$a2102380-3$2DE-600
=022  0\$a1557-9387$l1045-1870$y1045-1870$21
=035  \\$a(OCoLC)51834978
=037  \\$bElsevier Health Sciences Division, 170 S Independence Mall W 300 E., Philadelphia, PA 19106-3399
=040  \\$aCYB$cCYB$dOCLCQ$dCGU$dMUQ$dNSD$dSBH$dUQ1$dKSU$dOCLCQ$dHEBIS$dDEBBG$dUk
=042  \\$aukblsr
=050  14$aRJ401$b.S46
=082  10$a618$213
=130  0\$aSeminars in pediatric infectious diseases (Online)
=210  0\$aSemin. pediatr. infect. dis.$b(Online)
=222  \0$aSeminars in pediatric infectious diseases$b(Online)
=245  10$aSeminars in pediatric infectious diseases$h[electronic resource].
=246  30$aPediatric infectious diseases
=246  3\$aSemin Pediatr Infect Dis
=260  \\$a[New York, N.Y.] :$bW.B. Saunders Co. :$bElsevier Science,$c-c2006.
=310  \\$aQuarterly
=336  \\$atext$2rdacontent
=337  \\$acomputer$2rdamedia
=338  \\$aonline resource$2rdacarrier
=362  1\$aPrint began with vol. 1, no. 1 (Jan. 1990).
=362  0\$a-v.17, issue 4 (Oct. 2006).
=530  \\$aAlso issued in print.
=540  \\$aCurrent copyright fee: GBP34.30$c5\1$5Uk
=588  \\$aTitle from Vol. 11, no. 1 (Jan. 2002) ; viewed on Mar. 11, 2003.
=588  \\$aLatest issue consulted: Vol. 17, issue 4 (Oct. 2006) (ScienceDirect, viewed June 12, 2012).
=650  \0$aCommunicable diseases in children$vPeriodicals.
=650  \0$aCommunicable diseases in infants$vPeriodicals.
=650  \2$aCommunicable Diseases$xChild$vPeriodicals.
=650  \2$aCommunicable Diseases$xInfant$vPeriodicals.
=650  \2$aPediatrics$vPeriodicals.
=650  \6$aMaladies infectieuses chez l'enfant$vPériodiques.
=650  \6$aMaladies infectieuses chez le nourrisson$vPériodiques.
=710  2\$aElsevier Science Publishers.
=776  1\$tSeminars in pediatric infectious diseases$x1045-1870
=852  41$aBritish Library$bDSC$j8239.456780$3Volume 9:Issue 2(1998)-Volume 17:Issue 4(2006)***See ESTAR for full holdings.
=856  \\$31850-9999$uhttp://www.elsevier.com/journals$xBLDSS
=856  40$uhttp://journals.elsevierhealth.com/periodicals/yspid/home
=856  40$uhttp://www.sciencedirect.com/science/journal/10451870
=856  40$uhttp://www2.us.elsevierhealth.com/scripts/om.dll/serve?action=searchDB&searchDBfor=home&id=spid
=945  \\$aSemminars in pediatric infectious diseases
=959  \\$fHeld but not currently received
=ACF  \\$aPrevious copyright fee: GBP19.00$c5\9$e01-jan-2008$fGBP19.00$g0$hP$5Uk
=ACF  \\$aPrevious Copyright Fee: GBP18.00$c5\9$e01-apr-2004$fGBP18.00$g0$hP$5Uk
=ACF  \\$aPrevious copyright fee: GBP20.00$c5\1$e01-jan-2009$fGBP20.00$g0$hP$5Uk
=ACF  \\$aPrevious copyright fee: GBP21.00$c5\1$e01-jan-2012$fGBP21.00$g0$hP$5Uk
=ACF  \\$aPrevious copyright fee: GBP22.50$c5\1$e01-jan-2013$fGBP22.50$g0$hP$5Uk
=ACF  \\$aPrevious copyright fee: GBP23.40$c5\1$e01-jan-2018$fGBP23.40$g0$hP$5Uk
=CAT  \\$a7174$b40$c20050810$lBLL01$h1545
=CAT  \\$aBATCH-UPD$b40$c20071231$lBLL01$h2041
=CAT  \\$aBATCH-UPD$b40$c20071231$lBLL01$h2149
=CAT  \\$aBATCH$b00$c20071231$lBLL01$h2253
=CAT  \\$aBATCH-UPD$b00$c20081119$lBLL01$h1613
=CAT  \\$aBATCH-UPD$b00$c20081231$lBLL01$h2321
=CAT  \\$aBATCH-UPD$b00$c20090101$lBLL01$h0053
=CAT  \\$aBATCH$b00$c20090101$lBLL01$h0229
=CAT  \\$aWR10_164$c20101215$lBLL01$h1511
=CAT  \\$aWR11_155$c20111021$lBLL01$h1331
=CAT  \\$aWR11_155$c20111114$lBLL01$h1647
=CAT  \\$aBATCH-UPD$b00$c20111123$lBLL01$h1853
=CAT  \\$aIPL-CLA$c20111230$lBLL01$h2022
=CAT  \\$a8124$b40$c20120612$lBLL01$h1219
=CAT  \\$aBATCH-CLA$b00$c20121109$lBLL01$h1728
=CAT  \\$aBATCH-UPD$b00$c20121121$lBLL01$h1657
=CAT  \\$aIPL-CLA$c20121231$lBLL01$h1316
=CAT  \\$aIPL-CLA$c20130102$lBLL01$h1740
=CAT  \\$aBLDSS-3PM$b00$c20141222$lBLL01$h1714
=CAT  \\$aBATCH-UPD$b00$c20160604$lBLL01$h2350
=CAT  \\$aBATCH-UPD$b00$c20171121$lBLL01$h1745
=CAT  \\$aIPL-CLA$c20171231$lBLL01$h1645
=CAT  \\$aBATCH-UPD$b00$c20190521$lBLL01$h1437
=CAT  \\$aIPL-CLA$c20190630$lBLL01$h1534
=CAT  \\$aBATCH-UPD$b00$c20211119$lBLL01$h1554
=CAT  \\$aIPL-CLA$c20211231$lBLL01$h1543
=CFI  0\$aCurrent copyright fee: GBP34.30$c5\1$e01-jan-2022$fGBP34.30$g0$hP$5Uk
=CFI  2\$aPrevious copyright fee: GBP32.84$c5\1$e01-jul-2019$fGBP32.84$g0$hP$5Uk
=EST  \\$a2
=FFP  \\$aY$bBLDSS-3PM
=FIN  \\$aY$d20120612
=FMT  \\$a  SE
=LAS  \\$aIPL-CLA$b00$c20211231$lBLL01$h1543
=LKR  \\$aPAR$b008221626$lBLL01$r776$mSeminars in pediatric infectious diseases [electronic resource].$nSeminars in pediatric infectious diseases (Print).
=MNI  \\$a1045-1870
=SID  \\$aZ39$bOCLC
=TCO  \\$aTRS$bCCC$c008
=TOC  \\$aETOC

