=LDR  05686cas a2201213 a 4500
=001  010488347
=003  Uk
=005  20230930080423.0
=007  ta
=008  850326c19859999dcuqr\p\\\o\\\0\\\a0eng\c
=010  \\$a85644496$zsn 85023563
=019  c\$a2285038
=022  0\$a0883-8151
=032  \\$a278560$bUSPS
=035  \\$a(OCoLC)ocm11850577
=040  \\$aNBrockU$cNBrockU$dPPiU$dNST$dOCoLC$dNST$dNSDP$dDLC$dNST$dNSDP$dMH$dDLC$dNST$dAIP$dNST$dNSDP$dNST$dOCoLC$dNST$dInU$dN$dMH$dNST$dN$dNST$dMH$dNST$dNSDP$dNST$dMH$dGU$dOCoLC$dNSDP$dCSdS$dMCM$dOCoLC$dUk
=050  00$aPN1991$b.J6
=082  04$a384.54/05$219
=210  0\$aJ. broadcast. electron. media
=222  \0$aJournal of broadcasting & electronic media
=245  00$aJournal of broadcasting & electronic media.
=246  30$aJournal of broadcasting and electronic media
=246  17$aJOBEM
=260  \\$aWashington, DC :$bBroadcast Education Association,$c[c1985-
=264  31$a[United States?] :$bRoutledge
=300  \\$av. ;$c23 cm.
=310  \\$aQuarterly
=336  \\$atext$2rdacontent
=337  \\$aunmediated$2rdamedia
=338  \\$avolume$2rdacarrier
=362  0\$aVol. 29, no. 1 (winter 1985)-
=500  \\$aTitle from cover.
=540  \\$aCurrent copyright fee: GBP37.00$c2\0$5Uk
=595  \\$aFORMERLY 4954.55 UP TO VOL. 28, 1984 SEE ALSO SERIAL RECORDS SCE.
=650  \0$aBroadcasting$vPeriodicals.
=650  \0$aTelecommunication$vPeriodicals.
=710  2\$aBroadcast Education Association (U.S.)
=776  08$iAlso issued online as:$tJournal of broadcasting & electronic media (Online)$x1550-6878
=780  00$tJournal of broadcasting$x0021-938X
=852  41$aBritish Library$bDSC$j4954.552000$3Vol. 29, no. 1 (1985)-v. 53, no. 4 (2009)***UKRR Retained Title
=856  \\$31850-9999$uhttp://www.tandfonline.com/$xBLDSS
=856  40$uhttp://www.tandfonline.com/toc/hbem20/current
=945  \\$aJOURNAL OF BROADCASTING AND ELECTRONIC MEDIA.
=959  \\$fHeld but not currently received
=ACF  \\$aPrevious copyright fee: GBP17.00$c30\0$e20-jan-2010$fGBP17.00$g0$hP$5Uk
=ACF  \\$aCurrent copyright fee: GBP12.00$c30\0$e01-jul-2007$fGBP12.00$g0$hP$5Uk
=ACF  \\$aPrevious copyright fee: GBP12.30$c30\0$e01-apr-2007$fGBP12.30$g0$hP$5Uk
=ACF  \\$aPrevious copyright fee: GBP12.97$c30\0$e01-oct-2006$fGBP12.97$g0$hP$5Uk
=ACF  \\$aPrevious copyright fee: GBP13.72$c30\0$e01-apr-2006$fGBP13.72$g0$hP$5Uk
=ACF  \\$aPrevious copyright fee: GBP13.33$c30\0$e01-jan-2006$fGBP13.33$g0$hP$5Uk
=ACF  \\$aPrevious copyright fee: GBP12.98$c30\0$e07-sep-2005$fGBP12.98$g0$hP$5Uk
=ACF  \\$aCurrent copyright fee: GBP5.00$c0$e01-jul-2002$fGBP5.00$g0$hA$5Uk
=ACF  \\$aCurrent copyright fee: GBP2.50$c0$e01-jul-1998$fGBP2.50$g0$hC$5Uk
=ACF  \\$aCurrent copyright fee: GBP2.30$c0$e01-apr-1997$fGBP2.30$g0$hC$5Uk
=ACF  \\$aPrevious copyright fee: GBP21.00$c30\0$e01-jan-2011$fGBP21.00$g0$hP$5Uk
=ACF  \\$aPrevious copyright fee: GBP23.00$c30\0$e01-jan-2012$fGBP23.00$g0$hP$5Uk
=ACF  \\$aPrevious copyright fee: GBP23.50$c30\0$e01-jan-2013$fGBP23.50$g0$hP$5Uk
=ACF  \\$aPrevious copyright fee: GBP24.00$c30\0$e01-jan-2014$fGBP24.00$g0$hP$5Uk
=ACF  \\$aPrevious copyright fee: GBP25.00$c30\0$e01-jan-2015$fGBP25.00$g0$hP$5Uk
=ACF  \\$aPrevious copyright fee: GBP26.00$c30\0$e01-jan-2016$fGBP26.00$g0$hP$5Uk
=ACF  \\$aPrevious copyright fee: GBP28.00$c30\0$e01-jan-2017$fGBP28.00$g0$hP$5Uk
=ACF  \\$aPrevious copyright fee: GBP30.00$c30\0$e01-jan-2018$fGBP30.00$g0$hP$5Uk
=ACF  \\$aPrevious copyright fee: GBP32.00$c30\0$e01-jan-2019$fGBP32.00$g0$hP$5Uk
=ACF  \\$aPrevious copyright fee: GBP34.00$c30\0$e01-jan-2020$fGBP34.00$g0$hP$5Uk
=ACF  \\$aPrevious copyright fee: GBP35.00$c30\0$e01-jan-2021$fGBP35.00$g0$hP$5Uk
=CAT  \\$aCONV$b00$c20040425$lBLL90$h0705
=CAT  \\$aBATCH-UPD$b00$c20131119$lBLL01$h2119
=CAT  \\$aIPL-CLA$c20131231$lBLL01$h2122
=CAT  \\$aBATCH-UPD$b00$c20141124$lBLL01$h1818
=CAT  \\$aBLDSS-3PM$b00$c20141130$lBLL01$h1246
=CAT  \\$aIPL-CLA$c20141231$lBLL01$h1646
=CAT  \\$aBATCH-UPD$b00$c20151119$lBLL01$h1555
=CAT  \\$a8483$b40$c20151125$lBLL01$h1335
=CAT  \\$a8483$b40$c20151125$lBLL01$h1411
=CAT  \\$aIPL-CLA$c20151231$lBLL01$h1913
=CAT  \\$aBATCH-UPD$b00$c20160413$lBLL01$h1810
=CAT  \\$aBATCH-UPD$b00$c20161122$lBLL01$h1527
=CAT  \\$aBATCH-UPD$b00$c20161122$lBLL01$h1719
=CAT  \\$aIPL-CLA$c20161230$lBLL01$h1943
=CAT  \\$aBATCH-UPD$b00$c20171121$lBLL01$h1709
=CAT  \\$aIPL-CLA$c20171231$lBLL01$h1514
=CAT  \\$aBATCH-UPD$b00$c20181217$lBLL01$h1657
=CAT  \\$aIPL-CLA$c20181231$lBLL01$h1536
=CAT  \\$aBATCH-UPD$b00$c20191122$lBLL01$h1913
=CAT  \\$aIPL-CLA$c20191231$lBLL01$h1828
=CAT  \\$aBATCH-UPD$b00$c20201118$lBLL01$h1347
=CAT  \\$aIPL-CLA$c20201231$lBLL01$h1524
=CAT  \\$aBATCH-UPD$b00$c20221121$lBLL01$h1417
=CAT  \\$aIPL-CLA$c20221231$lBLL01$h1439
=CAT  \\$aR2308-1440$c20230824$lBLL01$h0926
=CAT  \\$aIPL-CLA$c20230930$lBLL01$h0804
=CFI  0\$aCurrent copyright fee: GBP37.00$c2\0$e01-oct-2023$fGBP37.00$g0$hP$5Uk
=CFI  2\$aPrevious copyright fee: GBP37.00$c30\0$e01-jan-2023$fGBP37.00$g0$hP$5Uk
=EST  \\$a2
=FFP  \\$aY$bBLDSS-3PM
=FIN  \\$aY
=FMT  \\$a  SE
=LAS  \\$aIPL-CLA$b00$c20230930$lBLL01$h0804
=LEO  \\$aMP10.0000319650
=LKR  \\$aPAR$b010488346$lBLL01$nJournal of broadcasting$r78000$mJournal of broadcasting & electronic media
=SID  \\$aZ39$bLOC
=SRC  \\$aDSS01$bbibmp10.200404.2.aa
=TCO  \\$aTRS$bCCC$c008
=TOC  \\$aETOC

