=LDR  07069cas a2201465 i 4500
=001  009180885
=003  Uk
=005  20221231143552.0
=008  900906c19909999nyubx\p\\\\\\\0\\\a0eng\c
=010  \\$a91642106$zsn 90003828
=015  \\$a016027833$2dnb
=016  \\$a016027833$2DE-101
=016  \\$a1071624-5$2DE-600
=016  \\$a009180885
=019  c\$a2439124
=022  0\$a1052-6188$l1052-6188$21
=035  \\$a(OCoLC)22337843
=037  \\$bAllerton Press, Inc., 150-5th Ave., New York, NY 10011
=040  \\$aNSD$beng$cNSD$dNYG$dDLC$dNST$dOCL$dOCLCQ$dLVB$dNSD$dOCLCQ$dDEBBG$dGBVCP$dGWDNB$dVRC$dUKMGB$dOCLCQ$dUk$erda
=041  1\$aeng$hrus
=042  \\$ansdp$apcc
=050  00$aTJ1$b.M328
=082  04$a621.815$223
=130  0\$aProblemy mashinostroenii︠a︡ i nadezhnosti mashin.$lEnglish.
=210  0\$aJ. mach. manuf. reliab.
=222  \0$aJournal of machinery manufacture and reliability
=245  10$aJournal of machinery manufacture and reliability.
=260  \\$aNew York, NY :$bAllerton Press
=300  \\$avolumes :$billustrations ;$c28 cm
=310  \\$aSix no. a year
=336  \\$atext$btxt$2rdacontent
=337  \\$aunmediated$bn$2rdamedia
=338  \\$avolume$bnc$2rdacarrier
=362  1\$aBegan with 1990, 1.
=540  \\$aCurrent copyright fee: GBP29.95$c22\1$5Uk
=580  \\$aThe English translation of the Russian publication: Problemy mashinostroenii︠a︡ i nadezhnosti mashin.
=588  \\$aDescription based on: 1990, 2.
=595  \\$aFORMERLY 0423.78 UP TO 1989.
=650  \0$aMechanical engineering$vPeriodicals.
=650  \0$aMachinery$xReliability$vPeriodicals.
=650  \6$aMachines$vPériodiques.
=650  \6$aGénie mécanique$vPériodiques.
=650  07$aMaschinenbau.$2swd
=650  07$aZeitschrift.$2swd
=765  0\$tProblemy mashinostroenii︠a︡ i nadezhnosti mashin
=776  08$iOnline version:$tProblemy mashinostroenii︠a︡ i nadezhnosti mashin. English (Online). Journal of machinery manufacture and reliability$x1934-9394
=780  00$tMashinovedenie. English. Soviet machine science$x0739-8999
=852  41$aBritish Library$bSTI$j(P) ST 50 -E(15)$31983, NO.2-. DEFICIENT: 1985, NO.1, 2
=852  41$aBritish Library$bDSC$j0415.170000$3No. 1 (1990)-no. 6 (2010)
=856  \\$31850-9999$uhttp://www.springer.com/gb/$xBLDSS
=856  41$uhttp://springerlink.com/content/1934-9394
=945  \\$aJournal of machinery manufacture and reliability c/c of Problemy Mashinostroeniia I Nadezhnosti Mashin.
=959  \\$fHeld but not currently received
=963  \\$aCA/U-4 NO. 1, 1990- 6, 1994 *A=1$bN
=985  \\$aCorrected by MS generated file for WR# 12.018
=A02  \\$a2439124
=ACF  \\$aPrevious copyright fee: GBP21.25$c13\7$e01-jan-2009$fGBP21.25$g0$hP$5Uk
=ACF  \\$aPrevious Copyright Fee: GBP16.75$c13\7$e29-may-2007$fGBP16.75$g0$hP$5Uk
=ACF  \\$aPrevious Copyright Fee: GBP25.64$c0$e01-apr-2007$fGBP25.64$g0$hC$5Uk
=ACF  \\$aPrevious Copyright Fee: GBP27.03$c0$e01-jan-2007$fGBP27.03$g0$hC$5Uk
=ACF  \\$aPrevious Copyright Fee: GBP27.03$c0$e01-oct-2006$fGBP27.03$g0$hC$5Uk
=ACF  \\$aPrevious Copyright Fee: GBP28.57$c0$e01-jul-2006$fGBP28.57$g0$hC$5Uk
=ACF  \\$aPrevious Copyright Fee: GBP28.57$c0$e01-apr-2006$fGBP28.57$g0$hC$5Uk
=ACF  \\$aPrevious Copyright Fee: GBP27.78$c0$e01-jan-2006$fGBP27.78$g0$hC$5Uk
=ACF  \\$aPrevious Copyright Fee: GBP27.03$c0$e01-oct-2005$fGBP27.03$g0$hC$5Uk
=ACF  \\$aPrevious Copyright Fee: GBP27.03$c0$e01-jul-2005$fGBP27.03$g0$hC$5Uk
=ACF  \\$aPrevious Copyright Fee: GBP27.03$c0$e01-apr-2005$fGBP27.03$g0$hC$5Uk
=ACF  \\$aPrevious Copyright Fee: GBP27.78$c0$e01-jan-2005$fGBP27.78$g0$hC$5Uk
=ACF  \\$aPrevious Copyright Fee: GBP27.03$c0$e01-oct-2004$fGBP27.03$g0$hC$5Uk
=ACF  \\$aPrevious copyright fee: GBP27.03$c0$e01-apr-2004$fGBP27.03$g0$hC$5Uk
=ACF  \\$aCurrent copyright fee: GBP29.41$c0$e01-jan-2004$fGBP29.41$g0$hC$5Uk
=ACF  \\$aCurrent copyright fee: GBP31.25$c0$e01-jan-2003$fGBP31.25$g0$hC$5Uk
=ACF  \\$aPrevious copyright fee: GBP22.00$c13\7$e01-apr-2009$fGBP22.00$g0$hP$5Uk
=ACF  \\$aPrevious copyright fee: GBP22.00$c13\7$e12-aug-2012$fGBP22.00$g0$hP$5Uk
=ACF  \\$aPrevious copyright fee: GBP25.00$c13\7$e01-jan-2013$fGBP25.00$g0$hP$5Uk
=ACF  \\$aPrevious copyright fee: GBP25.77$c13\7$e01-jul-2013$fGBP25.77$g0$hP$5Uk
=ACF  \\$aPrevious copyright fee: GBP24.97$c13\7$e01-jan-2014$fGBP24.97$g0$hP$5Uk
=ACF  \\$aPrevious copyright fee: GBP24.21$c13\7$e01-jul-2014$fGBP24.21$g0$hP$5Uk
=ACF  \\$aPrevious copyright fee: GBP25.77$c13\7$e01-apr-2015$fGBP25.77$g0$hP$5Uk
=ACF  \\$aPrevious copyright fee: GBP26.63$c13\7$e01-jul-2015$fGBP26.63$g0$hP$5Uk
=ACF  \\$aPrevious copyright fee: GBP25.77$c13\7$e01-oct-2015$fGBP25.77$g0$hP$5Uk
=ACF  \\$aPrevious copyright fee: GBP27.55$c13\7$e01-apr-2016$fGBP27.55$g0$hP$5Uk
=ACF  \\$aPrevious copyright fee: GBP29.59$c13\7$e01-oct-2016$fGBP29.59$g0$hP$5Uk
=ACF  \\$aPrevious copyright fee: GBP31.96$c13\7$e01-apr-2017$fGBP31.96$g0$hP$5Uk
=ACF  \\$aPrevious copyright fee: GBP30.73$c13\7$e01-oct-2017$fGBP30.73$g0$hP$5Uk
=ACF  \\$aPrevious copyright fee: GBP28.54$c13\7$e01-apr-2018$fGBP28.54$g0$hP$5Uk
=CAT  \\$aCONV$b00$c20040425$lBLL90$h0658
=CAT  \\$aBLDSS-3PM$b00$c20150103$lBLL01$h1041
=CAT  \\$aBATCH-UPD$b00$c20150219$lBLL01$h1656
=CAT  \\$aIPL-CLA$c20150331$lBLL01$h1619
=CAT  \\$aBATCH-UPD$b00$c20150520$lBLL01$h1711
=CAT  \\$aIPL-CLA$c20150630$lBLL01$h1635
=CAT  \\$aBATCH-UPD$b00$c20150820$lBLL01$h1759
=CAT  \\$aIPL-CLA$c20150930$lBLL01$h1747
=CAT  \\$aBATCH-UPD$b00$c20160217$lBLL01$h1647
=CAT  \\$aIPL-CLA$c20160331$lBLL01$h1704
=CAT  \\$aBATCH-UPD$b00$c20160413$lBLL01$h1805
=CAT  \\$aBATCH-UPD$b00$c20160524$lBLL01$h2154
=CAT  \\$aBATCH-UPD$b00$c20160524$lBLL01$h2231
=CAT  \\$aBATCH-016$c20160608$lBLL01$h1429
=CAT  \\$aBATCH-UPD$b00$c20160824$lBLL01$h1724
=CAT  \\$aIPL-CLA$c20160930$lBLL01$h1547
=CAT  \\$aBATCH-UPD$b00$c20170216$lBLL01$h1812
=CAT  \\$aIPL-CLA$c20170331$lBLL01$h1831
=CAT  \\$aBATCH-UPD$b00$c20170904$lBLL01$h1814
=CAT  \\$aIPL-CLA$c20170929$lBLL01$h1713
=CAT  \\$aBATCH-UPD$b00$c20180223$lBLL01$h1631
=CAT  \\$aIPL-CLA$c20180331$lBLL01$h1601
=CAT  \\$aBATCH-UPD$b00$c20180524$lBLL01$h1701
=CAT  \\$aIPL-CLA$c20180630$lBLL01$h1909
=CAT  \\$aBATCH-UPD$b00$c20221121$lBLL01$h1357
=CAT  \\$aIPL-CLA$c20221231$lBLL01$h1435
=CFI  0\$aCurrent copyright fee: GBP29.95$c22\1$e01-jan-2023$fGBP29.95$g0$hP$5Uk
=CFI  2\$aPrevious copyright fee: GBP34.00$c22\1$e01-jul-2018$fGBP34.00$g0$hP$5Uk
=EST  \\$a2
=FFP  \\$aY$bBLDSS-3PM
=FIN  \\$aY
=FMT  \\$a  SE
=LAS  \\$aIPL-CLA$b00$c20221231$lBLL01$h1435
=LEO  \\$aMP10.0000024379
=SID  \\$aZ39$bOCLC
=SRC  \\$aDSS01$bbibmp10.200404.2.aa
=TCO  \\$aTRS$bCCC$c008
=TOC  \\$aETOC
=UNO  \\$aY

