=LDR  04723cas a2201153 a 4500
=001  005502820
=003  Uk
=005  20211231153437.0
=008  990312d19992008pauqr\p\\\\\\\0\\\a0eng\c
=010  \\$asn 99008383
=016  7\$a100898742$2DNLM
=019  c\$a2608994
=022  0\$a1524-153X$l1524-153X$21
=030  \\$aOTGSAX
=032  \\$a019799$bUSPS
=035  \\$a(OCoLC)40949475$z(OCoLC)222576572
=037  \\$bHarcourt Brace & Co., 6277 Sea Harbor Dr., Orlando, FL 32887$c{dollar}119.00
=040  \\$aNSD$cNSD$dNLM$dNSD$dCAS$dCGU$dNSD$dOCLCQ$dHNK$dOCLCQ$dAU@$dUk
=042  \\$ansdp$aukblsr
=046  \\$at
=060  00$aW1$bOP15FQ
=082  10$a617.91$223
=210  0\$aOper. tech. gen. surg.
=222  \0$aOperative techniques in general surgery
=245  00$aOperative techniques in general surgery.
=260  \\$aPhiladelphia, PA :$bW.B. Saunders,$cc1999-2008.
=300  \\$av. :$bill.
=310  \\$aQuarterly
=336  \\$atext$2rdacontent
=337  \\$aunmediated$2rdamedia
=338  \\$avolume$2rdacarrier
=362  0\$aVol. 1, no. 1 (Sept. 1999)-
=362  1\$aCeased with v. 10, no. 4 (Dec. 2008).
=500  \\$aTitle from cover.
=500  \\$aIssues have also distinctive titles.
=500  \\$aPublished: Elsevier Health <2005->.
=500  \\$aLatest issue consulted: Vol. 2, no. 4 (Dec. 2000) (surrogate).
=530  \\$aAlso issued online.
=540  \\$aCurrent copyright fee: GBP34.30$c5\1$5Uk
=595  \\$aSee also card index.
=650  \0$aSurgery, Operative$vPeriodicals.
=650  \0$aSurgery$vPeriodicals.
=650  12$aSurgical Procedures, Operative$xmethods$vPeriodicals.
=655  \0$aElectronic journals.
=776  0\$tOperative techniques in general surgery (Online)
=852  41$aBritish Library$bDSC$j6269.381300$3Volume 5, Number 2 (2003)-v. 10, no. 4 (2008)
=856  \\$31850-9999$uhttp://www.elsevier.com/journals$xBLDSS
=856  41$uhttp://www.journals.elsevierhealth.com/periodicals/yotgn
=856  41$uhttp://www.sciencedirect.com/science/journal/1524153X
=945  \\$aOperative techniques in general surgery
=959  \\$fHeld but not currently received
=A02  \\$a2608994
=ACF  \\$aPrevious copyright fee: GBP19.00$c5\9$e01-jan-2008$fGBP19.00$g0$hP$5Uk
=ACF  \\$aPrevious Copyright Fee: GBP18.00$c5\9$e01-apr-2004$fGBP18.00$g0$hP$5Uk
=ACF  \\$aCurrent copyright fee: GBP20.00$c5\9$e28-may-2003$fGBP20.00$g0$hP$5Uk
=ACF  \\$aCurrent copyright fee: GBP5.00$c0$e01-oct-2002$fGBP5.00$g0$hC$5Uk
=ACF  \\$aPrevious copyright fee: GBP20.00$c5\1$e01-jan-2009$fGBP20.00$g0$hP$5Uk
=ACF  \\$aPrevious copyright fee: GBP21.00$c5\1$e01-jan-2012$fGBP21.00$g0$hP$5Uk
=ACF  \\$aPrevious copyright fee: GBP22.50$c5\1$e01-jan-2013$fGBP22.50$g0$hP$5Uk
=ACF  \\$aPrevious copyright fee: GBP23.40$c5\1$e01-jan-2018$fGBP23.40$g0$hP$5Uk
=CAT  \\$aCONV$b00$c20040502$lBLL01$h1102
=CAT  \\$aBATCH-UPD$b00$c20081231$lBLL01$h2344
=CAT  \\$aBATCH$b00$c20090101$lBLL01$h0114
=CAT  \\$a12500$b40$c20090108$lBLL01$h1113
=CAT  \\$aBATCH$b00$c20091206$lBLL01$h0012
=CAT  \\$a7792$b40$c20100611$lBLL01$h1238
=CAT  \\$a8483$b40$c20110614$lBLL01$h0932
=CAT  \\$a8483$b40$c20110614$lBLL01$h0933
=CAT  \\$aWR11_155$c20111021$lBLL01$h1330
=CAT  \\$aWR11_155$c20111114$lBLL01$h1647
=CAT  \\$aBATCH-UPD$b00$c20111123$lBLL01$h1849
=CAT  \\$aIPL-CLA$c20111230$lBLL01$h1635
=CAT  \\$aBATCH-CLA$b00$c20121103$lBLL01$h1039
=CAT  \\$aBATCH-UPD$b00$c20121121$lBLL01$h1652
=CAT  \\$aIPL-CLA$c20121231$lBLL01$h1238
=CAT  \\$aIPL-CLA$c20130102$lBLL01$h1635
=CAT  \\$aWR13.005$c20130322$lBLL01$h1822
=CAT  \\$aBLDSS-3PM$b00$c20141222$lBLL01$h1700
=CAT  \\$aBATCH-UPD$b00$c20160413$lBLL01$h1759
=CAT  \\$aBATCH-UPD$b00$c20160604$lBLL01$h2157
=CAT  \\$aBATCH-UPD$b00$c20171121$lBLL01$h1722
=CAT  \\$aIPL-CLA$c20171231$lBLL01$h1106
=CAT  \\$aBATCH-UPD$b00$c20190521$lBLL01$h1416
=CAT  \\$aIPL-CLA$c20190630$lBLL01$h1510
=CAT  \\$aBATCH-UPD$b00$c20211119$lBLL01$h1535
=CAT  \\$aIPL-CLA$c20211231$lBLL01$h1534
=CFI  0\$aCurrent copyright fee: GBP34.30$c5\1$e01-jan-2022$fGBP34.30$g0$hP$5Uk
=CFI  2\$aPrevious copyright fee: GBP32.84$c5\1$e01-jul-2019$fGBP32.84$g0$hP$5Uk
=EST  \\$a2
=FFP  \\$aY$bBLDSS-3PM
=FIN  \\$aY
=FMT  \\$a  SE
=LAS  \\$aIPL-CLA$b00$c20211231$lBLL01$h1534
=LEO  \\$aMP10.0000422874
=LKR  \\$aPAR$b013015912$lBLL01$r776$mOperative techniques in general surgery.$nOperative techniques in general surgery
=SID  \\$aZ39$bOCLC
=SRC  \\$aDSS01$bbibmp10.200404.2.aa
=TCO  \\$aTRS$bCCC$c008
=TOC  \\$aETOC

