=LDR  05306cas a2201141 a 4500
=001  015620940
=003  Uk
=005  20221231145036.0
=007  ta
=008  990923d19992004gw\mr\p\\\o\\\0\\\b0eng\d
=010  \\$asn 99015518
=016  7\$a100957634$2DNLM
=019  c\$a2537847
=022  \\$a1431-4630$l1431-4630$26
=030  \\$aEFRTFO
=035  \\$a(OCoLC)42421956
=040  \\$aNTE$cNTE$dAGL$dCAS$dDLC$dOCLCQ$dNLM$dGUA$dNLGGC$dDLC$dGUA$dOCLCQ$dUk
=041  0\$aeng$ager
=042  \\$aukblsr
=050  00$aTX341$b.Z395
=210  1\$aLebensm.-Unters. -Forsch., A Eur. food res. technol.$b(Print)
=222  \0$aZeitschrift für Lebensmittel-Untersuchung und -Forschung. A, European food research and technology$b(Print)
=245  00$aZeitschrift für Lebensmittel-Untersuchung und -Forschung.$nA,$pEuropean food research and technology.
=246  30$aEuropean food research and technology
=260  \\$aBerlin :$bSpringer,$cc1999-
=300  \\$av. :$bill. ;$c28 cm.
=310  \\$aMonthly
=336  \\$atext$2rdacontent
=337  \\$aunmediated$2rdamedia
=338  \\$avolume$2rdacarrier
=362  0\$aVol. 208, no. 2 (1999)-vol. 219, no. 6 (Nov. 2004).
=500  \\$aTitle from cover.
=500  \\$aLatest issue consulted: Vol. 219, no. 6 (Nov. 2004).
=500  \\$aThe order of parent and section title changes with Vol. 209, no. 1 (1999).
=510  0\$aChemical abstracts$x0009-2258
=515  \\$aIssues for <2003-2004> include month in chronological designation.
=515  \\$aTwo vols. per year.
=540  \\$aCurrent copyright fee: GBP29.95$c22\1$5Uk
=546  \\$aArticles in English, with some book reviews also in German.
=550  \\$aOfficial organ of: FECS, Division of Food Chemistry.
=595  \\$aFormerly 9469.000000 up to v. 203 (1996) See also 9469.000000 for external holdings
=650  \0$aFood$vPeriodicals.
=650  \0$aFood$xAnalysis$vPeriodicals.
=650  17$aLevensmiddelen.$2gtt
=650  17$aVoeding.$2gtt
=710  2\$aFederation of European Chemical Societies.$bFood Chemistry Division.
=776  08$iOnline version:$tZeitschrift für Lebensmittel-Untersuchung und -Forschung. A, European food research and technology (Online)$x1432-2331
=780  01$tZeitschrift für Lebensmittel-Untersuchung und -Forschung$x0044-3026
=785  00$tEuropean food research & technology$x1438-2377
=852  41$aBritish Library$bDSC$j9469.000100$3Vol. 204 (1997)-v. 219, no. 6 (2004)***Stock incomplete***UKRR Retained Title
=856  \\$31850-9999$uhttp://link.springer.com/$xBLDSS
=856  41$uhttp://www.springerlink.com/link.asp?id=108267
=856  41$uhttp://www.springerlink.com/openurl.asp?genre=journal&issn=1431-4649
=945  \\$aZeitschrift fur lebensmittel untersuchung und forschung A
=959  \\$fHeld but not currently received
=985  \\$aFOR STI STOCK 1999- see record 015620929.
=ACF  \\$aPrevious copyright fee: GBP16.67$c22\3$e01-jan-2006$fGBP16.67$g0$hP$5Uk
=ACF  \\$aPrevious copyright fee: GBP16.22$c22\3$e01-apr-2005$fGBP16.22$g0$hP$5Uk
=ACF  \\$aPrevious copyright fee: GBP16.67$c22\3$e01-jan-2005$fGBP16.67$g0$hP$5Uk
=ACF  \\$aPrevious copyright fee: GBP18.92$c22\3$e01-apr-2004$fGBP18.92$g0$hP$5Uk
=ACF  \\$aCurrent copyright fee: GBP20.58$c22\3$e01-jan-2004$fGBP20.58$g0$hP$5Uk
=ACF  \\$aCurrent copyright fee: GBP20.00$c22\3$e01-jan-2003$fGBP20.00$g0$hP$5Uk
=ACF  \\$aPrevious copyright fee: GBP17.14$c22\3$e01-apr-2006$fGBP17.14$g0$hP$5Uk
=ACF  \\$aPrevious Copyright Fee: GBP29.95$c0$e01-apr-2015$fGBP29.95$g0$hC$5Uk
=CAT  \\$a8874$b40$c20100805$lBLL01$h1334
=CAT  \\$a8874$b40$c20100805$lBLL01$h1336
=CAT  \\$aCDS11-UPD$b40$c20101116$lBLL01$h1823
=CAT  \\$aBATCH-UPD$b40$c20120812$lBLL01$h1914
=CAT  \\$aIPL-CLA$c20120812$lBLL01$h2029
=CAT  \\$a8483$b40$c20120815$lBLL01$h1158
=CAT  \\$a8483$b40$c20120815$lBLL01$h1202
=CAT  \\$a8483$b40$c20120815$lBLL01$h1331
=CAT  \\$a12500$b40$c20120815$lBLL01$h1439
=CAT  \\$a12500$b40$c20120815$lBLL01$h1638
=CAT  \\$a12500$b40$c20120815$lBLL01$h1642
=CAT  \\$a8483$b40$c20120816$lBLL01$h0901
=CAT  \\$aBATCH-CLA$b00$c20121109$lBLL01$h1720
=CAT  \\$aBATCH-CLA$b00$c20150227$lBLL01$h1628
=CAT  \\$aIPL-CLA$c20150331$lBLL01$h1710
=CAT  \\$a5552$b40$c20200819$lBLL01$h0908
=CAT  \\$aBATCH-UNOA$c20200825$lBLL01$h2105
=CAT  \\$aBLDSS-3PM$b00$c20200828$lBLL01$h1100
=CAT  \\$aBATCH-UPD$b00$c20200828$lBLL01$h1100
=CAT  \\$aBATCH-UPD$b00$c20221121$lBLL01$h1404
=CAT  \\$aIPL-CLA$c20221231$lBLL01$h1450
=CFI  0\$aCurrent copyright fee: GBP29.95$c22\1$e01-jan-2023$fGBP29.95$g0$hP$5Uk
=CFI  2\$aPrevious copyright fee: GBP34.00$c22\1$e19-aug-2020$fGBP34.00$g0$hP$5Uk
=EST  \\$a2
=FFP  \\$aY$bBLDSS-3PM
=FIN  \\$aY$d20100805
=FMT  \\$a  SE
=LAS  \\$aIPL-CLA$b00$c20221231$lBLL01$h1450
=LEO  \\$aMP10.0000625368
=LKR  \\$aPAR$b012429345$lBLL01$r78001$mZeitschrift für Lebensmittel-Untersuchung und -Forschung. A, European food research and technology (Print)$nZeitschrift für Lebensmittel-Untersuchung und -Forschung.
=SID  \\$aZ39$bOCLC
=SRC  \\$aDSS01$bbibmp10.200404.2.aa
=TCO  \\$aDEU$bVG WORT$c008
=UNO  \\$aY

