=LDR  05672cas a2201201 a 4500
=001  013035043
=003  Uk
=005  20221231144542.0
=007  ta
=008  051025c20059999gw\br\p\\\\\\\0\\\b0ger\d
=022  \\$a1614-371X
=035  \\$a(OCoLC)464525238
=040  \\$aCPV$beng$cUAB$dOCLCQ$dOCLCF$dOCLCO$dOCLCQ$dOCLCO$dUk
=042  \\$aukblsr
=046  \\$at
=050  14$aR845
=082  04$a610$223
=222  \0$aCME$b(Print)
=245  00$aCME :$bPremium-Fortbildung für die medizinische Praxis.
=260  \\$a[Berlin, Germany] :$bSpringer,$c2005-
=300  \\$avolumes
=336  \\$atext$2rdacontent
=337  \\$aunmediated$2rdamedia
=338  \\$avolume$2rdacarrier
=530  \\$aAlso issued online. Access restricted to authorized users and institutions.
=540  \\$aCurrent copyright fee: GBP29.95$c22\1$5Uk
=650  \0$aMedicine$xStudy and teaching (Continuing education)$vPeriodicals.
=650  \0$aClinical medicine$vPeriodicals.
=650  12$aEducation, Medical, Continuing.
=650  22$aClinical Medicine.
=650  \6$aMédecine$xÉtude et enseignement (Éducation permanente)$vPériodiques.
=650  \6$aMédecine clinique$vPériodiques.
=650  \7$aClinical medicine.$2fast$0(OCoLC)fst00864361
=650  \7$aMedicine$xStudy and teaching (Continuing education)$2fast$0(OCoLC)fst01015131
=650  17$aMédecine.$2rasuqam
=650  \7$aFormation médicale continue.$2rasuqam
=650  \7$aMédecine clinique.$2rasuqam
=655  \2$aPeriodicals.
=655  \7$aPeriodicals.$2fast$0(OCoLC)fst01411641
=655  \7$aPériodique électronique (Descripteur de forme)$2rasuqam
=655  \7$aRessource Internet (Descripteur de forme)$2rasuqam
=776  08$iAlso issued online as:$tCME (Berlin, Germany)$x1614-3744
=852  41$aBritish Library$bDSC$j3287.223005$3Nr. 1 (2005)-nr. 12 (2010)
=856  \\$31850-9999$uhttp://www.springer.com/gb/$xBLDSS
=856  41$3University of Alberta Access: 2004-$uhttp://resolver.library.ualberta.ca/resolver?ctx_enc=info:ofi/enc:UTF-8&ctx_ver=Z39.88-2004&rfr_id=info:sid/ualberta.ca:opac&rft.genre=journal&rft.issn=1614-371X&rft_val_fmt=info:ofi/fmt:kev:mtx:journal&url_ctx_fmt=info:ofi/fmt:kev:mtx:ctx&url_ver=Z39.88-2004
=945  \\$aCME -Springer Verlag-
=959  \\$fHeld but not currently received
=985  \\$aCorrected by BSS-generated file for WR# 10/166
=ACF  \\$aPrevious copyright fee: GBP16.67$c22\3$e01-jan-2006$fGBP16.67$g0$hP$5Uk
=ACF  \\$aPrevious copyright fee: GBP16.22$c22\3$e01-apr-2005$fGBP16.22$g0$hP$5Uk
=ACF  \\$aPrevious copyright fee: GBP16.67$c22\3$e01-jan-2005$fGBP16.67$g0$hP$5Uk
=ACF  \\$aPrevious copyright fee: GBP18.92$c22\3$e18-nov-2004$fGBP18.92$g0$hP$5Uk
=ACF  \\$aPrevious copyright fee: GBP17.14$c22\3$e01-apr-2006$fGBP17.14$g0$hP$5Uk
=ACF  \\$aPrevious copyright fee: GBP22.00$c22\3$e12-aug-2012$fGBP22.00$g0$hP$5Uk
=ACF  \\$aPrevious copyright fee: GBP25.00$c22\3$e01-jan-2013$fGBP25.00$g0$hP$5Uk
=ACF  \\$aPrevious copyright fee: GBP25.77$c22\3$e01-jul-2013$fGBP25.77$g0$hP$5Uk
=ACF  \\$aPrevious copyright fee: GBP24.97$c22\3$e01-jan-2014$fGBP24.97$g0$hP$5Uk
=ACF  \\$aPrevious copyright fee: GBP24.21$c22\3$e01-jul-2014$fGBP24.21$g0$hP$5Uk
=ACF  \\$aPrevious copyright fee: GBP25.77$c22\3$e01-apr-2015$fGBP25.77$g0$hP$5Uk
=ACF  \\$aPrevious copyright fee: GBP26.63$c22\3$e01-jul-2015$fGBP26.63$g0$hP$5Uk
=ACF  \\$aPrevious copyright fee: GBP25.77$c22\3$e01-oct-2015$fGBP25.77$g0$hP$5Uk
=ACF  \\$aPrevious copyright fee: GBP27.55$c22\3$e01-apr-2016$fGBP27.55$g0$hP$5Uk
=ACF  \\$aPrevious copyright fee: GBP29.59$c22\3$e01-oct-2016$fGBP29.59$g0$hP$5Uk
=ACF  \\$aPrevious copyright fee: GBP31.96$c22\3$e01-apr-2017$fGBP31.96$g0$hP$5Uk
=ACF  \\$aPrevious copyright fee: GBP30.73$c22\3$e01-oct-2017$fGBP30.73$g0$hP$5Uk
=ACF  \\$aPrevious copyright fee: GBP28.54$c22\3$e01-apr-2018$fGBP28.54$g0$hP$5Uk
=CAT  \\$a5867$b40$c20041111$lBLL01$h1129
=CAT  \\$aBATCH-UPD$b00$c20150520$lBLL01$h1749
=CAT  \\$aIPL-CLA$c20150630$lBLL01$h1645
=CAT  \\$aBATCH-UPD$b00$c20150820$lBLL01$h1837
=CAT  \\$aIPL-CLA$c20150930$lBLL01$h1805
=CAT  \\$aBATCH-UPD$b00$c20160217$lBLL01$h1727
=CAT  \\$aIPL-CLA$c20160331$lBLL01$h1725
=CAT  \\$aBATCH-UPD$b00$c20160413$lBLL01$h1819
=CAT  \\$aBATCH-UPD$b00$c20160524$lBLL01$h2209
=CAT  \\$aBATCH-UPD$b00$c20160525$lBLL01$h0016
=CAT  \\$aBATCH-UPD$b00$c20160824$lBLL01$h1754
=CAT  \\$aIPL-CLA$c20160930$lBLL01$h1602
=CAT  \\$a10806$b40$c20161125$lBLL01$h1343
=CAT  \\$a10806$b40$c20161125$lBLL01$h1413
=CAT  \\$a10806$b40$c20161125$lBLL01$h1414
=CAT  \\$a10806$b40$c20161125$lBLL01$h1415
=CAT  \\$aBATCH-UPD$b40$c20170216$lBLL01$h1843
=CAT  \\$aIPL-CLA$c20170331$lBLL01$h1843
=CAT  \\$aBATCH-UPD$b00$c20170904$lBLL01$h1851
=CAT  \\$aIPL-CLA$c20170929$lBLL01$h1728
=CAT  \\$aBATCH-UPD$b00$c20180223$lBLL01$h1719
=CAT  \\$aIPL-CLA$c20180331$lBLL01$h1619
=CAT  \\$aBATCH-UPD$b00$c20180524$lBLL01$h1713
=CAT  \\$aIPL-CLA$c20180630$lBLL01$h1916
=CAT  \\$aBATCH-UPD$b00$c20221121$lBLL01$h1359
=CAT  \\$aIPL-CLA$c20221231$lBLL01$h1445
=CFI  0\$aCurrent copyright fee: GBP29.95$c22\1$e01-jan-2023$fGBP29.95$g0$hP$5Uk
=CFI  2\$aPrevious copyright fee: GBP34.00$c22\1$e01-jul-2018$fGBP34.00$g0$hP$5Uk
=EST  \\$a2
=FFP  \\$aY$bBLDSS-3PM
=FIN  \\$aY$d20161125
=FMT  \\$a  SE
=LAS  \\$aIPL-CLA$b00$c20221231$lBLL01$h1445
=SID  \\$aZ39$bOCLC
=TCO  \\$aDEU$bVG WORT$c008
=TOC  \\$aETOC
=UNO  \\$aY

