=LDR  05295cas a2201297 a 4500
=001  009542351
=003  Uk
=005  20211231153732.0
=007  ta
=008  900116c19639999enkmr\p\\\o\\\0\\\a0eng\\
=016  7\$a0372477$2DNLM
=016  7\$aB02640000$2DNLM
=019  x\$a2541480393
=019  c\$a2032206
=022  0\$a0005-7967$y0005-7917
=030  \\$aBRTHAA
=032  \\$a008762$bUSPS
=040  \\$aUk$cUk$dUk
=042  \\$aukblsr
=050  00$aRC321$b.B4
=060  00$aW1$bBE135
=070  0\$aRC321.B43
=072  \0$aU400
=072  \0$aX380
=082  04$a616.8916$218
=210  0\$aBehav. res. ther.
=222  \0$aBehaviour research and therapy
=245  00$aBehaviour research and therapy.
=246  3\$aBehavior research and therapy
=260  \\$aOxford ;$aNew York :$bPergamon Press,$c1963-
=264  31$a[Kidlington] :$bElsevier
=300  \\$av. :$bill. ;$c25 cm.
=310  \\$aMonthly,$b1996-
=321  \\$aEight issues yearly,$b1993-1995
=321  \\$aBimonthly,$b-1992
=321  \\$aQuarterly,$bMay 1963-
=336  \\$atext$2rdacontent
=337  \\$aunmediated$2rdamedia
=338  \\$avolume$2rdacarrier
=362  0\$aVol. 1 (May 1963)-
=500  \\$a"An international multi-disciplinary journal."
=525  \\$aHas occasional supplements.
=540  \\$aCurrent copyright fee: GBP34.30$c5\1$5Uk
=588  \\$aLatest issue consulted: volume 57 (June 2014).
=595  \\$aABSORBS 1877.298 AND 0699.916 SEE ALSO SERIAL RECORDS SCE AND CARD INDEX.
=650  \0$aCognitive therapy$vPeriodicals.
=650  \0$aPsychotherapy$vPeriodicals.
=776  08$iAlso issued online as:$tBehaviour research and therapy (Online)$x1873-622X
=780  05$tBehavioral assessment$g1993-$x0191-5401
=780  05$tAdvances in behaviour research and therapy$g1996-$x0146-6402
=852  41$aBritish Library$bHMNTS$jP.P.8001.lo.$3Vol. 1 (May 1963)-v. 65 (Feb. 2015)***Title now taken as electronic only
=852  41$aBritish Library$bDSC$j1876.810000$3Vol. 1, no. 1 (1963)-v. 48, no. 12 (2010)***UKRR Retained Title
=856  \\$31850-9999$uhttp://www.elsevier.com/journals$xBLDSS
=856  41$3Current year$uhttp://www.sciencedirect.com/web-editions/journal/00057967
=945  \\$aBEHAVIOUR RESEARCH AND THERAPY
=959  \\$fHeld but not currently received
=963  \\$aCA/M-7 VOL. 1, 1963- *A=1$bY
=985  \\$aRecord merged by DQ team
=985  \\$aISSN responsibility transferred from ISSN UK to ISSN Netherlands, May 26 2015.
=ACF  \\$aPrevious copyright fee: GBP19.00$c5\5$e01-jan-2008$fGBP19.00$g0$hP$5Uk
=ACF  \\$aPrevious copyright fee: GBP18.00$c5\5$e01-apr-2004$fGBP18.00$g0$hP$5Uk
=ACF  \\$aCurrent copyright fee: GBP20.00$c5\5$e01-jan-2003$fGBP20.00$g0$hP$5Uk
=ACF  \\$aCurrent copyright fee: GBP15.00$c5\5$e01-jul-2002$fGBP15.00$g0$hP$5Uk
=ACF  \\$aPrevious copyright fee: GBP20.00$c5\1$e01-jan-2009$fGBP20.00$g0$hP$5Uk
=ACF  \\$aPrevious copyright fee: GBP21.00$c5\1$e01-jan-2012$fGBP21.00$g0$hP$5Uk
=ACF  \\$aPrevious copyright fee: GBP22.50$c5\1$e01-jan-2013$fGBP22.50$g0$hP$5Uk
=ACF  \\$aPrevious copyright fee: GBP23.40$c5\1$e01-jan-2018$fGBP23.40$g0$hP$5Uk
=CAT  \\$aCONV$b00$c20040425$lBLL90$h0848
=CAT  \\$aBATCH$b00$c20090101$lBLL01$h0142
=CAT  \\$aCDS-UPD$b40$c20091208$lBLL01$h2210
=CAT  \\$aCDS-UPD$b40$c20091208$lBLL01$h2233
=CAT  \\$aWR11_155$c20111021$lBLL01$h1325
=CAT  \\$aWR11_155$c20111114$lBLL01$h1645
=CAT  \\$aBATCH-UPD$b00$c20111123$lBLL01$h1850
=CAT  \\$aIPL-CLA$c20111230$lBLL01$h1805
=CAT  \\$aBATCH-CLA$b00$c20121104$lBLL01$h1004
=CAT  \\$aBATCH-UPD$b00$c20121121$lBLL01$h1653
=CAT  \\$aIPL-CLA$c20121231$lBLL01$h1251
=CAT  \\$aIPL-CLA$c20130102$lBLL01$h1655
=CAT  \\$aWR13.005$c20130323$lBLL01$h1235
=CAT  \\$a5997$b40$c20140731$lBLL01$h1133
=CAT  \\$aBLDSS-3PM$b00$c20141222$lBLL01$h1710
=CAT  \\$a8323$b40$c20150526$lBLL01$h1130
=CAT  \\$a8323$b40$c20150526$lBLL01$h1136
=CAT  \\$a11313$b40$c20150526$lBLL01$h1408
=CAT  \\$aBATCH-UPD$b40$c20160413$lBLL01$h1806
=CAT  \\$aBATCH-UPD$b40$c20160604$lBLL01$h2232
=CAT  \\$aBATCH-UPD$b40$c20171121$lBLL01$h1739
=CAT  \\$aIPL-CLA$c20171231$lBLL01$h1440
=CAT  \\$aBATCH-UPD$b00$c20190521$lBLL01$h1431
=CAT  \\$aIPL-CLA$c20190630$lBLL01$h1527
=CAT  \\$aBATCH-UPD$b00$c20211119$lBLL01$h1549
=CAT  \\$aIPL-CLA$c20211231$lBLL01$h1537
=CFI  0\$aCurrent copyright fee: GBP34.30$c5\1$e01-jan-2022$fGBP34.30$g0$hP$5Uk
=CFI  2\$aPrevious copyright fee: GBP32.84$c5\1$e01-jul-2019$fGBP32.84$g0$hP$5Uk
=EST  \\$a2
=FFP  \\$aY$bBLDSS-3PM
=FIN  \\$aY
=FMT  \\$a  SE
=LAS  \\$aIPL-CLA$b00$c20211231$lBLL01$h1537
=LEO  \\$aMP1.0003046565
=LEO  \\$aMP10.0000090438
=LEO  \\$aMP22.0000000195
=LKR  \\$aPAR$b011094148$lBLL01$r78005$mBehaviour research and therapy$nBehavioral assessment
=LKR  \\$aPAR$b009187469$lBLL01$r78005$mBehaviour research and therapy$nAdvances in behaviour research and therapy
=SID  \\$aZ39$bOCLC
=SRC  \\$aBLS01$bbibmp1.200404.2.ad
=SRC  \\$aDSS01$bbibmp10.200404.2.aa
=SRC  \\$aISN01$bbibmp22.200404.2.aa
=TCO  \\$aCLA$bCLA$c008
=TOC  \\$aETOC

